3014 5038
1075 378 1145 456 163

69 525 165 604 Heu
195 528 285 633 quid
312 520 427 633 aget?
452 537 575 603 tecum
604 525 734 604 solutis
761 501 872 632 rspts·
895 539 1087 624 senectae,

176 661 308 740 Omnis
333 677 459 740 tecum
487 664 560 738 und
585 661 677 740 lucis
705 663 827 744 abibit
851 691 973 760 arnor,

66 807 150 884 Iste
177 794 264 884 tirus
290 833 465 914 praesens
491 837 601 914 quem
629 809 771 916 pridem
800 813 1000 918 adspectus
1027 809 1174 913 slebre,

170 949 281 1030 Nunc
308 949 443 1030 absens
466 951 586 1030 mults
614 953 740 1065 perdit
767 958 962 1056 amande,

65 1093 122 1173 Et
146 1097 313 1202 quemvis
339 1113 380 1176 te
407 1129 482 1178 non
509 1107 687 1206 teneant,
713 1111 875 1218 suspirat
899 1125 1059 1218 uterque

171 1240 374 1343 Attamen,
399 1275 443 1326 sc
469 1249 603 1357 tepidis
632 1269 695 1331 nrs'r
724 1257 823 1364 riget
850 1257 1045 1366 lacrymis.

66 1385 132 1462 lre
157 1399 283 1462 tamen
311 1402 354 1466 tu
380 1389 526 1498 pergis:
553 1395 653 1471 eunti
680 1395 892 1503 ignoscite,
918 1399 1063 1476 tristem

171 1525 225 1602 Et
249 1523 374 1606 ssetum
400 1528 559 1608 nridrrlis
586 1531 718 1639 tergite
745 1532 965 1613 luminibus.

66 1662 176 1742 Illem
203 1666 308 1745 ducit
335 1673 474 1748 Amor:
503 1670 564 1748 dio
592 1672 673 1776 quis
700 1689 842 1782 pugnet
869 1668 1031 1753 Amori?

169 1811 213 1909 I,
241 1839 314 1915 quo
341 1825 471 1932 tantus
498 1813 601 1920 agit,
628 1829 758 1892 sancta
786 1815 937 1914 Puella,
965 1817 1093 1892 Deus.

64 1957 153 2061 lpse
179 1951 275 2032 sores
303 1969 473 2056 reserat,
499 1956 666 2036 dextram
693 1961 764 2036 tibi
790 1965 950 2070 porrigit
975 1967 1081 2071 ipse,

167 2089 227 2171 Ut
253 2091 349 2170 sacili
375 2093 497 2174 valeas
524 2096 635 2174 limen
665 2099 766 2176 adire
794 2101 939 2206 gradu,
1093 2075 1099 2088 ⁸

65 2243 253 2318 Auratum
282 2237 412 2344 templi
438 2238 574 2339 limen,
600 2239 717 2345 magis
745 2253 850 2346 aptus
876 2240 913 2314 iu
942 2237 1033 2316 orbe

169 2384 257 2460 Istis
285 2411 358 2488 quo
376 2378 504 2476 ¹nullus
531 2379 696 2456 moribus
722 2363 802 2457 esse
829 2379 957 2476 locus⁹

62 2526 175 2606 Nulla
196 2526 292 2631 potis
312 2551 419 2630 mage
438 2520 550 2628 dignu
568 2519 714 2596 domus.
742 2521 803 2596 Tu
824 2517 982 2594 candida
1002 2543 1134 2624 nempe
1156 2541 1210 2590 es·

168 2663 239 2742 ma
269 2663 440 2744 columns
465 2671 548 2766 (ι),
575 2665 665 2742 orm
688 2667 891 2772 missaper
917 2633 1127 2736 insereris

26 2869 29 2874 -
68 2814 173 2915 Quae
193 2797 530 2910 tractemundum
551 2841 660 2920 quum
682 2811 831 2888 sederat
848 2819 973 2882 aestus
996 2825 1194 2908 equarum,

167 2955 311 3032 Abdita
338 2959 441 3064 queis
470 2957 579 3034 tellus
606 2957 763 3032 maxima
791 2949 967 3048 delituit,

65 3091 122 3168 Ut
146 3094 269 3171 sedem
297 3093 395 3173 haud
421 3083 584 3203 reperit,
614 3095 690 3174 late
718 3094 842 3173 omnia
862 3093 1195 3196 circumspectans,

168 3239 303 3342 Quiret
327 3239 391 3317 ubi
417 3227 710 3348 niveos-ponere
739 3241 834 3318 lassa
861 3240 998 3345 pedes,

65 3377 273 3474 Extimuit3
300 3378 537 3486 plausumque
566 3381 631 3454 slis
657 3377 800 3486 lugiens
827 3379 954 3470 dedit,
981 3390 1084 3448 etse

166 3521 290 3598 Laeta
317 3519 452 3594 iterum
480 3516 565 3592 navi
594 3512 760 3589 reddidit
787 3513 1031 3587 incolumem.

66 3665 224 3744 Scilicet
247 3666 284 3740 in
314 3664 422 3738 terris
450 3658 537 3736 ulilri
566 3687 652 3732 num
679 3657 811 3732 sistere
840 3679 992 3760 posses,
1076 3747 1078 3752 ,

168 3803 267 3880 lleic
298 3801 358 3878 ubi
387 3803 625 3878 commixtum
653 3793 706 3870 las
733 3793 840 3871 simul
868 3809 980 3901 atque
1008 3785 1134 3869 ucles:

106 4105 152 4174 (r)
178 4093 285 4154 Genus.
314 4107 375 4170 cup.
399 4086 427 4147 8.
451 4086 567 4144 Emisit
589 4101 710 4166 quoque
734 4078 915 4141 Columbam
935 4089 1009 4158 post
1037 4091 1135 4146 eum,
1168 4082 1205 4128 nt

64 4189 287 4246 Μοτύη...
309 4197 390 4262 purte
413 4195 508 4258 quum
531 4193 592 4232 rrurr
615 4172 800 4246 invenisset,
835 4169 886 4229 uti
908 4167 1122 4248 requiesceret
1144 4177 1225 4238 pes.

63 4279 155 4358 ejus,
179 4289 309 4333 reuersa
331 4277 379 4324 est
400 4267 442 4322 ed
465 4281 535 4322 eum
559 4263 590 4318 irr
614 4277 724 4316 ercam
746 4268 800 4317 etc.
