3014 5038
412 305 485 396 144

403 453 405 460 ’
469 476 516 525 os
545 479 822 528 uerrucarum
852 455 1045 545 Gauarso,
1072 473 1242 537 sausoure
1272 477 1397 524 arrru

889 599 957 676 Ad

493 743 708 818 Lucrbuum
728 728 883 820 Nicolor‘
895 741 945 816 de
963 733 1084 818 Porro
1102 703 1232 842 ‘Surio
1249 737 1386 838 filium

704 875 872 956 Puerum
898 877 1132 958 bimestrem.
1159 880 1162 888 ’
1195 935 1201 946 .
1268 897 1273 904 '

350 1059 552 1242 Niconis
579 1191 671 1268 puer
698 1191 721 1238 o
747 1159 1041 1268 meiuoloptas,
1119 1157 1122 1164 ’
1158 1217 1160 1224 ,

350 1309 478 1411 Atque
505 1305 662 1382 amabile
690 1297 879 1383 corculum
907 1287 1110 1410 puseolis,-

347 1448 433 1524 Hos
460 1445 533 1522 ribi
560 1447 684 1524 senior
711 1441 1081 1553 Ymmsgoascripsit

346 1591 470 1669 Leues
498 1589 724 1690 versiculos,
751 1605 791 1668 et
813 1586 1024 1696 impolitos,
1174 1628 1177 1638 ·

348 1728 406 1806 Ut
430 1742 516 1835 post
540 1725 718 1836 grandior
743 1757 766 1804 a
791 1731 944 1833 parente'
971 1725 1115 1821 discas,
1267 1777 1272 1788 ·

345 1867 451 1966 Quot
475 1866 614 1944 seclum
640 1863 714 1943 boc
739 1865 868 1943 tulerit
894 1861 1010 1940 malos
1036 1863 1208 1962 laboras,
1235 1867 1260 1934 '.
1293 1925 1299 1938 .

343 2007 397 2084 Et
424 2011 528 2115 queis
555 2040 576 2086 e
603 2009 772 2088 tenebris
799 2007 1084 2118 repentelolsit

340 2144 502 2253 Optatae
530 2150 699 2226 exoriens
724 2145 834 2254 jubar
860 2147 1013 2247 salotis,
1073 2203 1077 2212 -

339 2283 418 2362 Vix
446 2287 547 2364 vitae
575 2301 617 2363 ιιι
641 2304 744 2365 satus
769 2289 900 2366 exiisti*
919 2291 957 2365 in
984 2319 1087 2366 oras.

211 2463 214 2470 ·
338 2423 440 2498 Heio
467 2439 505 2500 el
529 2429 784 2532 magnanimos
811 2429 943 2506 Duces
971 2427 1137 2524 videbis,

338 2559 526 2668 Europam
554 2580 594 2640 et
616 2564 750 2643 rabido
776 2565 980 2644 adlevatam
994 2563 1057 2639 ‘ab
1086 2563 1216 2667 hosce,

275 2715 279 2726 '
338 2697 392 2774 Et
419 2701 532 2778 terris
559 2700 721 2780 subitam
750 2703 920 2780 omnibus
948 2705 1133 2810 quietem,

336 2847 542 2924 Reddilam
571 2851 756 2957 Superum
782 2847 1043 2957 benignitate.

333 2993 394 3067 Τιι
421 2990 606 3068 mirabere
633 2991 850 3098 perlegens:
878 2992 1037 3069 disertus

332 3127 518 3204 Adsidens
544 3143 650 3235 paler
677 3127 800 3205 omnia
826 3129 1056 3237 explicabit,

332 3265 439 3368 Quae
467 3267 595 3372 paucis
622 3296 693 3374 ego
720 3267 887 3347 versibus
913 3273 1059 3348 notavi.

330 3405 367 3483 Ο
394 3435 522 3486 cresce
549 3405 696 3482 interea
723 3407 823 3509 patri
851 3404 995 3486 loturus

331 3549 455 3628 Carae
483 3567 523 3628 et
548 3549 722 3631 delicium
750 3553 811 3629 diu
839 3549 1008 3659 parenti!

328 3689 383 3765 Et
410 3719 468 3769 me
495 3695 525 3769 si
552 3697 668 3801 magis
695 3711 735 3772 et
759 3696 876 3802 magia
904 3696 1091 3775 virescens

325 3829 422 3902 Fors
450 3829 571 3904 vivum
597 3830 786 3928 invenies,
813 3859 970 3938 precor,
996 3831 1179 3940 benignus

327 3963 471 4040 Eodem
499 3993 558 4040 me
586 3981 629 4040 nl
656 3991 782 4042 amore
810 3997 1060 4076 prosequare,

323 4112 411 4216 Quo
438 4137 535 4188 nunc
561 4106 799 4216 prosequitur
825 4139 959 4216 pareus
989 4127 1162 4222 uterquc.
