3032 5034
1081 393 1147 440 scr

75 499 170 606 lpse
201 507 313 580 ctiam
344 507 469 602 tenti,
494 505 667 603 Luduix,
694 533 776 582 nun
795 507 985 582 irnnsumur·
1012 527 1181 606 uinquam

184 641 384 718 Promeriti
413 657 540 748 gruter
568 644 727 736 carmine
755 641 961 749 persuluurn

73 783 234 880 Pierio,
260 784 436 892 lauruque
464 811 582 864 meum
609 787 821 894 purnusride
848 785 1029 886 frontem,
1058 853 1061 861 .

187 927 348 1004 Cinctue
376 927 569 1036 Apollinue
597 927 654 1008 file
681 931 780 1038 lyrae
809 929 932 1038 digitis
977 1007 979 1014 ,

75 1065 306 1142 Percurranr
336 1069 481 1164 victur,
507 1067 606 1146 mulli
634 1085 725 1148 tunc
751 1081 888 1146 strutus
916 1069 952 1144 in
980 1064 1097 1142 herlus

187 1205 278 1308 Qua·
301 1205 407 1282 viridi
436 1185 546 1312 purus
572 1203 652 1284 lune
679 1220 802 1284 scatet
830 1235 850 1282 e
880 1203 997 1312 lupide

79 1345 308 1444 Prosiliens,
334 1345 477 1446 dicum,
504 1375 577 1454 qun
604 1363 725 1428 cretur
754 1350 955 1458 sunguine,
981 1375 1087 1424 curus

185 1486 306 1590 Quum
334 1481 445 1562 lucris
474 1486 651 1592 Superis,
678 1515 762 1566 cum
789 1515 881 1592 puer
907 1485 1094 1564 aetherius

81 1622 201 1700 Felici
228 1637 332 1728 partu
361 1623 494 1698 venisti
522 1624 559 1702 in
587 1623 730 1702 luminis
758 1651 888 1702 aures:

188 1759 246 1838 Ut
273 1775 312 1836 te
341 1755 517 1863 virgineo.
533 1757 633 1836 luctu
659 1759 785 1839 lorens
812 1760 953 1866 gremio
976 1809 981 1820 ·

81 1895 249 2004 Relligic
275 1896 461 1994 instituit,
488 1894 559 1972 tibi
587 1894 767 1983 virtutum
796 1909 837 1970 ut
864 1893 1165 1996 chorus‘cmnis,

193 2041 243 2118 Et
266 2037 444 2118 charitum
472 2039 649 2146 quidquid
677 2033 863 2143 pulchrius
892 2063 969 2112 esse
998 2055 1152 2144 potest,

82 2177 249 2255 Indulsit
277 2205 413 2284 puero:
442 2179 560 2256 dicum
589 2174 785 2282 llcgrentis
813 2203 905 2285 puro

102 2407 106 2422 x
191 2321 319 2398 Corde
347 2323 459 2430 igne,
484 2341 524 2398 et
552 2325 682 2400 mentis
708 2322 846 2416 robora
874 2322 1151 2430 inagnunimce,

86 2463 172 2564 Qua
199 2473 428 2566 censusque,
454 2474 494 2534 ct
522 2485 609 2564 opes
638 2457 861 2564 praebentes
888 2457 1021 2566 pabula
1048 2454 1166 2535 lraudi

187 2605 399 2712 Sprevisti,
427 2619 466 2680 et
489 2602 635 2678 mollem
664 2587 1133 2714 desidiam-erchore’cu

86 2743 238 2844 Quanta
266 2743 394 2822 itidem
423 2739 542 2818 ln'erut
566 2745 677 2822 sacris
705 2757 745 2818 te
773 2741 909 2819 dedere
938 2753 1080 2838 tutum,

187 2887 313 2986 Atque
342 2881 396 2960 bis
424 2883 603 2960 continui)
630 2909 782 2988 pascere
809 2911 898 2960 curu
924 2883 1105 2958 acimum:

89 3025 161 3126 Qui
189 3023 306 3130 pudor
333 3053 379 3102 ex
408 3023 545 3122 oculis,
571 3053 666 3132 quse
694 3053 776 3102 rura
805 3025 987 3102 modestia
1014 3053 1054 3104 se
1082 3051 1122 3102 se

188 3145 400 3239 Prodelrut.
430 3162 524 3238 Nam
552 3163 633 3270 quis
659 3163 738 3266 jure
768 3165 962 3270 pudicitiae
1032 3248 1037 3262 k

87 3297 297 3406 Tempore,
324 3329 398 3406 quo
426 3303 544 3407 primo
570 3301 739 3376 lervebus
767 3329 850 3375 vere
875 3300 1076 3403 juventae,

189 3451 256 3528 Sic
282 3447 428 3528 coluit?
453 3451 532 3554 quis
561 3467 599 3523 te
628 3447 756 3528 lcrtiur
783 3442 1000 3536 illecebras,

87 3595 138 3670 Et
161 3591 307 3672 lruudes
334 3595 495 3674 Veneris
521 3591 639 3671 lelluci
667 3593 754 3670 lusit
780 3593 818 3676 in
845 3590 927 3668 aula

187 3741 268 3817 Tot
297 3734 476 3846 Regum?
499 3737 571 3842 jum
598 3747 639 3812 te
667 3763 820 3813 cernere
846 3734 920 3838 jem
947 3730 1075 3818 videor

87 3883 338 3980 Moerentern,
365 3900 404 3960 et
433 3912 567 3992 magno
596 3913 764 3962 curarum
793 3883 942 3976 turbine
971 3911 1160 3990 pressum,

190 4019 288 4094 Cum
319 4021 386 4096 tibi
416 4053 520 4120 sors,
546 4021 621 4100 ludi
638 4023 771 4124 ,pictur
799 4037 839 4098 ct
866 4023 1039 4128 imposuit

90 4161 226 4241 Oscula
254 4160 432 4240 seminece
459 4162 621 4270 deligere
650 4163 782 4242 blande
811 4161 973 4268 ligurce,
