3032 5034
340 384 415 473 ²¹4

392 527 476 604 Uno
503 527 707 634 eodemque
736 533 860 605 statim
889 549 1071 637 tempore·
1088 527 1271 636 diffugere

281 673 359 748 Per
387 671 521 748 saltum
548 673 766 780 abreptam,
794 673 984 782 paullatim
1013 691 1054 752 at
1081 701 1225 752 sumere
1258 675 1386 768 vires,

386 807 587 886 Paullatim
615 827 656 886 et
683 827 848 917 sumptos
876 839 1040 917 ponere‚
1067 839 1209 918 perque
1229 811 1418 918 ςτειάιιι,1

280 946 460 1025 Protinus
487 947 603 1023 edixit
628 947 699 1024 vim
728 976 874 1054 quoque
901 949 940 1024 in
967 975 1125 1057 corpore
1153 947 1309 1044 inesse,
1489 1017 1492 1106 1

383 1093 491 1194 Quae
518 1091 631 1168 modo
649 1095 696 1170 'iu
724 1123 920 1172 occursum
947 1093 1076 1172 dissita
1103 1113 1241 1175 cuneta
1269 1096 1422 1174 trahat:
1491 1111 1492 1146 ³

281 1237 339 1310 Ac
366 1234 504 1332 modo,
530 1265 642 1344 quum
669 1238 819 1346 propius
848 1265 983 1314 venere
1010 1253 1198 1337 attracto,
1226 1241 1415 1347 repellet,

384 1387 521 1462 Mutuo
549 1398 587 1458 et
613 1380 765 1460 adtactu
794 1399 931 1461 cuncta
960 1386 1059 1460 coire
1087 1399 1214 1482 rctct3

280 1521 461 1598 Partibus
490 1519 585 1596 unde
608 1515 722 1596 'etium
751 1519 882 1618 nullis,
909 1517 1081 1626 nulleque
1109 1519 1226 1627 figure

383 1658 564 1737 Praeditu
592 1663 768 1738 materiae
796 1663 889 1738 scire
917 1660 1241 1758 elementatum,

281 1806 454 1914 Exigue,
481 1822 594 1912 etque
622 1808 763 1884 minuta
792 1807 956 1882 intereo
984 1833 1022 1881 se
1051 1803 1174 1884 obsite
1201 1807 1327 1904 insui,

382 1945 486 2022 Hinc
515 1959 627 2050 etque
657 1943 741 2020 hinc
769 1944 922 2019 haerere
952 1943 1048 2020 houd
1080 1946 1199 2022 minus
1228 1927 1317 2052 epta
1346 1971 1415 2020 suo

278 2089 410 2195 Usque
437 2088 645 2186 trahentis,
676 2087 922 2196 pellentisque
950 2089 986 2162 iu
1014 2087 1151 2164 limite.
1192 2088 1255 2166 Itu
1282 2116 1413 2166 omnes

381 2233 526 2311 Rerum
554 2259 757 2338 corporeae
785 2233 1008 2336 proveniunt
1032 2233 1175 2338 species

278 2369 491 2446 Dissimiles
518 2369 642 2476 positu
670 2369 817 2444 diverso
845 2349 1136 2478 principiorum,
1170 2475 1175 2509 Ι

382 2513 546 2616 Πίψεο
573 2528 614 2588 ct
642 2513 703 2618 qui
732 2513 858 2590 eedem
887 2511 1004 2591 limite
1033 2515 1135 2592 limes
1164 2511 1298 2618 habet.

157 2731 161 2739 .
276 2657 362 2735 Non
389 2687 462 2766 ego
490 2657 556 2734 sed
582 2660 668 2734 totsi
695 2659 723 2733 si
751 2659 899 2765 proluar
927 2659 1195 2768 Hippocrene,

379 2795 466 2874 Nou
492 2797 523 2872 si
550 2794 763 2902 Gorgoneo
792 2796 936 2876 deserar
963 2799 1061 2876 altus
1089 2809 1212 2905 equo,

278 2937 414 3017 Omnia
440 2937 515 3044 jam
541 2939 679 3044 possim
707 2939 906 3046 complecti
934 2971 1068 3020 arcena
1095 2957 1269 3050 reperte,

382 3075 527 3153 Dicere
553 3107 624 3158 nec
652 3093 789 3184 quanta
817 3077 903 3156 hinc
930 3076 1079 3158 {luxerit
1107 3080 1272 3179 utilitas,

278 3215 433 3318 Quanta
460 3242 567 3324 seges
594 3245 742 3318 rerum,
769 3217 880 3294 rebus
909 3247 1018 3325 quern
1045 3233 1172 3296 certus
1199 3233 1239 3294 ct
1264 3217 1360 3296 ordo

380 3355 587 3460 Omnibus,
614 3377 655 3439 et
682 3363 777 3439 rotio
806 3361 973 3454 scilicet3
1002 3379 1042 3440 et
1071 3365 1235 3470 species.

275 3497 492 3584 Cestiuseu
519 3500 633 3582 multu
666 3499 741 3606 jum
769 3529 868 3578 nunc
895 3517 1030 3580 statura
1057 3501 1247 3609 profatur,

379 3645 502 3744 Quum
532 3645 653 3724 Clarii
680 3675 786 3726 sucro
814 3647 953 3752 Pythia
979 3646 1026 3724 de
1054 3646 1231 3757 tripode,

272 3792 379 3872 Illius
406 3822 428 3871 c
456 3793 627 3908 scriptis,
654 3793 775 3870 audax
802 3821 896 3899 quae
924 3821 1077 3902 carpere
1104 3791 1240 3874 frustra

372 3931 513 4028 Livor,
541 3943 582 4004 et
605 3929 729 4006 inceui
757 3933 935 4040 temporis
966 3935 1069 4012 erma
1096 3935 1247 4014 volent.

268 4068 430 4150 Huueue
462 4095 534 4176 ego
562 4068 616 4148 sic
645 4069 819 4146 meritum
840 4099 914 4148 non
934 4089 1061 4180 optem
1080 4075 1204 4154 virere
1225 4073 1403 4186 longum,

374 4209 652 4318 Cumaeamquc
680 4210 794 4314 ipsam
822 4209 970 4292 vincere
999 4209 1261 4320 Deiphobeu?
