<?xml version="1.0" encoding="UTF-8"?>
<!DOCTYPE html PUBLIC "-//W3C//DTD XHTML 1.0 Transitional//EN"
    "http://www.w3.org/TR/xhtml1/DTD/xhtml1-transitional.dtd">
<html xmlns="http://www.w3.org/1999/xhtml" xml:lang="en" lang="en">
 <head>
  <title>
</title>
<meta http-equiv="Content-Type" content="text/html;charset=utf-8" />
  <meta name='ocr-system' content='tesseract 3.04.00' />
  <meta name='ocr-capabilities' content='ocr_page ocr_carea ocr_par ocr_line ocrx_word'/>
</head>
<body>
  <div class='ocr_page' id='page_1' title='image "./devitaetscripti00zamagoog_0242.png"; bbox 0 0 3032 5034; ppageno 0'>
   <div class='ocr_carea' id='block_1_1' title="bbox 636 411 1055 492">
    <p class='ocr_par' dir='ltr' id='par_1_1' title="bbox 636 411 1055 492">
     <span class='ocr_line' id='line_1_1' title="bbox 636 411 1055 492; baseline -0.012 -2"><span class='ocrx_word' id='word_1_1' title='bbox 636 412 891 492; x_wconf 75' lang='lat' dir='ltr'><strong>ELEGIA</strong></span> <span class='ocrx_word' id='word_1_2' title='bbox 936 411 1055 488; x_wconf 85' lang='lat' dir='ltr'>XXI.</span> 
     </span>
    </p>
   </div>
   <div class='ocr_carea' id='block_1_2' title="bbox 430 701 1486 1030">
    <p class='ocr_par' dir='ltr' id='par_1_2' title="bbox 430 701 1486 1030">
     <span class='ocr_line' id='line_1_2' title="bbox 430 701 1152 782; baseline 0.003 -10"><span class='ocrx_word' id='word_1_3' title='bbox 430 765 434 772; x_wconf 85' lang='lat'>.</span> <span class='ocrx_word' id='word_1_4' title='bbox 552 701 616 776; x_wconf 85' lang='lat' dir='ltr'><strong>Au</strong></span> <span class='ocrx_word' id='word_1_5' title='bbox 642 704 894 778; x_wconf 78' lang='lat' dir='ltr'><strong>RArrrurruurr</strong></span> <span class='ocrx_word' id='word_1_6' title='bbox 923 707 1152 782; x_wconf 77' lang='lat' dir='ltr'><strong>Currerrusr</strong></span> 
     </span>
     <span class='ocr_line' id='line_1_3' title="bbox 432 765 1486 1030; baseline -0.003 -118"><span class='ocrx_word' id='word_1_7' title='bbox 432 836 482 912; x_wconf 84' lang='lat' dir='ltr'><strong>de</strong></span> <span class='ocrx_word' id='word_1_8' title='bbox 506 856 682 935; x_wconf 80' lang='lat' dir='ltr'><strong><em>poemate</em></strong></span> <span class='ocrx_word' id='word_1_9' title='bbox 708 866 779 916; x_wconf 83' lang='lat' dir='ltr'><strong>suo</strong></span> <span class='ocrx_word' id='word_1_10' title='bbox 804 837 909 914; x_wconf 74' lang='lat' dir='ltr'><strong>Nuus</strong></span> <span class='ocrx_word' id='word_1_11' title='bbox 934 837 1039 912; x_wconf 74' lang='lat' dir='ltr'><strong>Anus</strong></span> <span class='ocrx_word' id='word_1_12' title='bbox 1067 841 1284 935; x_wconf 82' lang='lat' dir='ltr'><strong>inscripto.</strong></span> <span class='ocrx_word' id='word_1_13' title='bbox 1473 765 1486 1030; x_wconf 60' lang='grc'>1</span> 
     </span>
    </p>
   </div>
   <div class='ocr_carea' id='block_1_3' title="bbox 151 1007 1408 3464">
    <p class='ocr_par' dir='ltr' id='par_1_3' title="bbox 287 1007 1396 1368">
     <span class='ocr_line' id='line_1_4' title="bbox 287 1007 1396 1214; baseline -0.005 -26"><span class='ocrx_word' id='word_1_14' title='bbox 287 1007 525 1188; x_wconf 74' lang='lat' dir='ltr'><strong>Voculam</strong></span> <span class='ocrx_word' id='word_1_15' title='bbox 553 1110 675 1186; x_wconf 82' lang='lat' dir='ltr'><strong>Aonio</strong></span> <span class='ocrx_word' id='word_1_16' title='bbox 702 1109 931 1192; x_wconf 78' lang='lat' dir='ltr'>celebratam</span> <span class='ocrx_word' id='word_1_17' title='bbox 959 1110 1122 1188; x_wconf 83' lang='lat' dir='ltr'><strong>carmine</strong></span> <span class='ocrx_word' id='word_1_18' title='bbox 1149 1105 1396 1214; x_wconf 78' lang='lat' dir='ltr'><strong>Nympharu‚</strong></span> 
     </span>
     <span class='ocr_line' id='line_1_5' title="bbox 393 1246 1262 1368; baseline 0 -48"><span class='ocrx_word' id='word_1_19' title='bbox 393 1248 500 1350; x_wconf 82' lang='lat' dir='ltr'><strong>Quae</strong></span> <span class='ocrx_word' id='word_1_20' title='bbox 527 1246 627 1350; x_wconf 84' lang='lat' dir='ltr'><strong>prius</strong></span> <span class='ocrx_word' id='word_1_21' title='bbox 654 1255 713 1346; x_wconf 90' lang='lat'><strong>(1)</strong></span> <span class='ocrx_word' id='word_1_22' title='bbox 740 1249 893 1326; x_wconf 86' lang='lat' dir='ltr'><strong>arbitrio</strong></span> <span class='ocrx_word' id='word_1_23' title='bbox 920 1276 1145 1368; x_wconf 71' lang='lat' dir='ltr'>supposuere</span> <span class='ocrx_word' id='word_1_24' title='bbox 1171 1261 1262 1344; x_wconf 75' lang='lat' dir='ltr'><strong>tuo,</strong></span> 
     </span>
    </p>

    <p class='ocr_par' dir='ltr' id='par_1_4' title="bbox 291 1381 1340 1602">
     <span class='ocr_line' id='line_1_6' title="bbox 291 1381 1340 1492; baseline -0.002 -33"><span class='ocrx_word' id='word_1_25' title='bbox 291 1383 352 1459; x_wconf 88' lang='lat' dir='ltr'><strong>Eu</strong></span> <span class='ocrx_word' id='word_1_26' title='bbox 381 1383 504 1480; x_wconf 72' lang='lat' dir='ltr'><strong>aliud,</strong></span> <span class='ocrx_word' id='word_1_27' title='bbox 532 1383 778 1488; x_wconf 76' lang='lat' dir='ltr'><strong>Raymuude‚</strong></span> <span class='ocrx_word' id='word_1_28' title='bbox 804 1381 927 1475; x_wconf 82' lang='lat' dir='ltr'><strong>serunt</strong></span> <span class='ocrx_word' id='word_1_29' title='bbox 952 1413 1043 1492; x_wconf 90' lang='lat' dir='ltr'><strong>opus</strong></span> <span class='ocrx_word' id='word_1_30' title='bbox 1070 1413 1117 1462; x_wconf 86' lang='lat' dir='ltr'><strong>ex</strong></span> <span class='ocrx_word' id='word_1_31' title='bbox 1144 1382 1340 1466; x_wconf 86' lang='lat' dir='ltr'><strong>Helicone</strong></span> 
     </span>
     <span class='ocr_line' id='line_1_7' title="bbox 394 1519 1084 1602; baseline 0.007 -6"><span class='ocrx_word' id='word_1_32' title='bbox 394 1519 556 1596; x_wconf 82' lang='lat' dir='ltr'><strong>Adcitae</strong></span> <span class='ocrx_word' id='word_1_33' title='bbox 583 1537 714 1598; x_wconf 84' lang='lat' dir='ltr'><strong>nostro</strong></span> <span class='ocrx_word' id='word_1_34' title='bbox 741 1524 888 1598; x_wconf 87' lang='lat' dir='ltr'><strong>nomine</strong></span> <span class='ocrx_word' id='word_1_35' title='bbox 917 1523 1084 1602; x_wconf 79' lang='lat' dir='ltr'>Pierides</span> 
     </span>
    </p>

    <p class='ocr_par' dir='ltr' id='par_1_5' title="bbox 293 1647 1408 1918">
     <span class='ocr_line' id='line_1_8' title="bbox 293 1647 1408 1773; baseline -0.007 -23"><span class='ocrx_word' id='word_1_36' title='bbox 293 1659 579 1768; x_wconf 53' lang='lat' dir='ltr'><strong>Indiamque,</strong></span> <span class='ocrx_word' id='word_1_37' title='bbox 605 1692 833 1773; x_wconf 84' lang='lat' dir='ltr'><strong>novumque.</strong></span> <span class='ocrx_word' id='word_1_38' title='bbox 861 1647 998 1766; x_wconf 43' lang='lat' dir='ltr'><strong>Nerui</strong></span> <span class='ocrx_word' id='word_1_39' title='bbox 1017 1698 1061 1746; x_wconf 84' lang='lat' dir='ltr'><strong>nc</strong></span> <span class='ocrx_word' id='word_1_40' title='bbox 1088 1665 1229 1744; x_wconf 83' lang='lat' dir='ltr'><strong>indicta</strong></span> <span class='ocrx_word' id='word_1_41' title='bbox 1256 1667 1408 1773; x_wconf 86' lang='lat' dir='ltr'><strong>plaeere</strong></span> 
     </span>
     <span class='ocr_line' id='line_1_9' title="bbox 396 1800 1284 1918; baseline 0.006 -40"><span class='ocrx_word' id='word_1_42' title='bbox 396 1800 546 1918; x_wconf 78' lang='lat' dir='ltr'><strong>Quippe</strong></span> <span class='ocrx_word' id='word_1_43' title='bbox 573 1819 662 1909; x_wconf 88' lang='lat' dir='ltr'><strong>putu</strong></span> <span class='ocrx_word' id='word_1_44' title='bbox 691 1834 824 1884; x_wconf 77' lang='lat' dir='ltr'><strong>saeuas</strong></span> <span class='ocrx_word' id='word_1_45' title='bbox 850 1808 958 1884; x_wconf 84' lang='lat' dir='ltr'><strong>missa</strong></span> <span class='ocrx_word' id='word_1_46' title='bbox 985 1836 1052 1914; x_wconf 89' lang='lat' dir='ltr'><strong>per</strong></span> <span class='ocrx_word' id='word_1_47' title='bbox 1077 1805 1284 1904; x_wconf 77' lang='lat' dir='ltr'>auriculas,</span> 
     </span>
    </p>

    <p class='ocr_par' dir='ltr' id='par_1_6' title="bbox 294 1945 1205 2202">
     <span class='ocr_line' id='line_1_10' title="bbox 294 1945 1205 2056; baseline 0.007 -34"><span class='ocrx_word' id='word_1_48' title='bbox 294 1945 522 2022; x_wconf 68' lang='lat' dir='ltr'><strong>Praesertim</strong></span> <span class='ocrx_word' id='word_1_49' title='bbox 550 1948 581 2022; x_wconf 84' lang='lat' dir='ltr'><strong>si</strong></span> <span class='ocrx_word' id='word_1_50' title='bbox 607 1965 763 2026; x_wconf 83' lang='lat' dir='ltr'><strong>naturae</strong></span> <span class='ocrx_word' id='word_1_51' title='bbox 791 1977 812 2026; x_wconf 91' lang='lat' dir='ltr'><strong>e</strong></span> <span class='ocrx_word' id='word_1_52' title='bbox 839 1948 1091 2056; x_wconf 72' lang='lat' dir='ltr'><strong>penetralibus</strong></span> <span class='ocrx_word' id='word_1_53' title='bbox 1117 1949 1205 2055; x_wconf 78' lang='lat' dir='ltr'><strong>ipsis</strong></span> 
     </span>
     <span class='ocr_line' id='line_1_11' title="bbox 396 2095 1185 2202; baseline -0.004 -31"><span class='ocrx_word' id='word_1_54' title='bbox 396 2095 515 2171; x_wconf 82' lang='lat' dir='ltr'><strong>Ereta</strong></span> <span class='ocrx_word' id='word_1_55' title='bbox 542 2095 738 2202; x_wconf 83' lang='lat' dir='ltr'><strong>Apollinea</strong></span> <span class='ocrx_word' id='word_1_56' title='bbox 765 2097 847 2174; x_wconf 87' lang='lat' dir='ltr'><strong>luce</strong></span> <span class='ocrx_word' id='word_1_57' title='bbox 874 2097 993 2173; x_wconf 76' lang='lat' dir='ltr'><strong>nitere</strong></span> <span class='ocrx_word' id='word_1_58' title='bbox 1021 2110 1185 2201; x_wconf 78' lang='lat' dir='ltr'><strong>queant,</strong></span> 
     </span>
    </p>

    <p class='ocr_par' dir='ltr' id='par_1_7' title="bbox 291 2238 1314 2482">
     <span class='ocr_line' id='line_1_12' title="bbox 291 2238 1168 2344; baseline -0.002 -31"><span class='ocrx_word' id='word_1_59' title='bbox 291 2239 439 2320; x_wconf 86' lang='lat' dir='ltr'><strong>Musaei</strong></span> <span class='ocrx_word' id='word_1_60' title='bbox 467 2268 511 2315; x_wconf 85' lang='lat' dir='ltr'><strong>ae</strong></span> <span class='ocrx_word' id='word_1_61' title='bbox 540 2238 653 2324; x_wconf 80' lang='lat' dir='ltr'><strong>veluti</strong></span> <span class='ocrx_word' id='word_1_62' title='bbox 682 2238 797 2315; x_wconf 88' lang='lat' dir='ltr'><strong>mellis</strong></span> <span class='ocrx_word' id='word_1_63' title='bbox 823 2253 1000 2318; x_wconf 84' lang='lat' dir='ltr'><strong>contacta</strong></span> <span class='ocrx_word' id='word_1_64' title='bbox 1023 2239 1168 2344; x_wconf 87' lang='lat' dir='ltr'><strong>liquore</strong></span> 
     </span>
     <span class='ocr_line' id='line_1_13' title="bbox 400 2375 1314 2482; baseline 0.005 -31"><span class='ocrx_word' id='word_1_65' title='bbox 400 2375 602 2452; x_wconf 83' lang='lat' dir='ltr'><strong>Lectorum</strong></span> <span class='ocrx_word' id='word_1_66' title='bbox 631 2391 758 2482; x_wconf 86' lang='lat' dir='ltr'><strong>eaptus</strong></span> <span class='ocrx_word' id='word_1_67' title='bbox 785 2375 921 2454; x_wconf 83' lang='lat' dir='ltr'><strong>blanda</strong></span> <span class='ocrx_word' id='word_1_68' title='bbox 946 2393 1078 2454; x_wconf 87' lang='lat' dir='ltr'><strong>tenere</strong></span> <span class='ocrx_word' id='word_1_69' title='bbox 1105 2377 1270 2472; x_wconf 78' lang='lat' dir='ltr'><strong>animus,</strong></span> <span class='ocrx_word' id='word_1_70' title='bbox 1310 2447 1314 2456; x_wconf 93' lang='lat'><em>.</em></span> 
     </span>
    </p>

    <p class='ocr_par' dir='ltr' id='par_1_8' title="bbox 294 2499 1299 2770">
     <span class='ocr_line' id='line_1_14' title="bbox 294 2499 1299 2628; baseline -0.004 -28"><span class='ocrx_word' id='word_1_71' title='bbox 294 2520 491 2600; x_wconf 81' lang='lat' dir='ltr'><strong>Patritiulh</strong></span> <span class='ocrx_word' id='word_1_72' title='bbox 518 2499 554 2596; x_wconf 87' lang='lat' dir='ltr'><strong>iu</strong></span> <span class='ocrx_word' id='word_1_73' title='bbox 584 2521 733 2627; x_wconf 60' lang='lat' dir='ltr'><strong>primis„</strong></span> <span class='ocrx_word' id='word_1_74' title='bbox 760 2521 821 2628; x_wconf 93' lang='lat' dir='ltr'><strong>qui</strong></span> <span class='ocrx_word' id='word_1_75' title='bbox 849 2549 907 2596; x_wconf 90' lang='lat' dir='ltr'><strong>me</strong></span> <span class='ocrx_word' id='word_1_76' title='bbox 934 2519 1146 2626; x_wconf 80' lang='lat' dir='ltr'><strong>complexus</strong></span> <span class='ocrx_word' id='word_1_77' title='bbox 1171 2547 1299 2596; x_wconf 85' lang='lat' dir='ltr'><strong>amore</strong></span> 
     </span>
     <span class='ocr_line' id='line_1_15' title="bbox 398 2662 1295 2770; baseline 0 -30"><span class='ocrx_word' id='word_1_78' title='bbox 398 2663 562 2769; x_wconf 81' lang='lat' dir='ltr'><strong>Meque,</strong></span> <span class='ocrx_word' id='word_1_79' title='bbox 589 2691 761 2770; x_wconf 89' lang='lat' dir='ltr'><strong>measque</strong></span> <span class='ocrx_word' id='word_1_80' title='bbox 789 2663 909 2740; x_wconf 85' lang='lat' dir='ltr'><strong>bouus</strong></span> <span class='ocrx_word' id='word_1_81' title='bbox 935 2665 1086 2770; x_wconf 74' lang='lat' dir='ltr'><strong>respicit</strong></span> <span class='ocrx_word' id='word_1_82' title='bbox 1111 2662 1295 2742; x_wconf 77' lang='lat' dir='ltr'><strong>Aonides.</strong></span> 
     </span>
    </p>

    <p class='ocr_par' dir='ltr' id='par_1_9' title="bbox 296 2806 1202 3063">
     <span class='ocr_line' id='line_1_16' title="bbox 296 2806 1202 2913; baseline -0.007 -25"><span class='ocrx_word' id='word_1_83' title='bbox 296 2811 418 2888; x_wconf 83' lang='lat' dir='ltr'><strong>Altius</strong></span> <span class='ocrx_word' id='word_1_84' title='bbox 446 2826 505 2886; x_wconf 87' lang='lat' dir='ltr'><strong>est</strong></span> <span class='ocrx_word' id='word_1_85' title='bbox 530 2811 640 2886; x_wconf 85' lang='lat' dir='ltr'><strong>terris</strong></span> <span class='ocrx_word' id='word_1_86' title='bbox 667 2810 717 2884; x_wconf 88' lang='lat' dir='ltr'><strong>mi</strong></span> <span class='ocrx_word' id='word_1_87' title='bbox 744 2837 842 2886; x_wconf 84' lang='lat' dir='ltr'><strong>nunc</strong></span> <span class='ocrx_word' id='word_1_88' title='bbox 868 2807 959 2887; x_wconf 87' lang='lat' dir='ltr'><strong>iter:</strong></span> <span class='ocrx_word' id='word_1_89' title='bbox 986 2806 1097 2886; x_wconf 84' lang='lat' dir='ltr'><strong>altius</strong></span> <span class='ocrx_word' id='word_1_90' title='bbox 1123 2808 1202 2913; x_wconf 84' lang='lat' dir='ltr'><strong>egit</strong></span> 
     </span>
     <span class='ocr_line' id='line_1_17' title="bbox 400 2952 1100 3063; baseline -0.007 -28"><span class='ocrx_word' id='word_1_91' title='bbox 400 2953 721 3063; x_wconf 75' lang='lat' dir='ltr'><strong>Bellerophonteis</strong></span> <span class='ocrx_word' id='word_1_92' title='bbox 749 2953 888 3032; x_wconf 87' lang='lat' dir='ltr'><strong>artibus</strong></span> <span class='ocrx_word' id='word_1_93' title='bbox 916 2952 1100 3032; x_wconf 86' lang='lat' dir='ltr'><strong>edomitus</strong></span> 
     </span>
    </p>

    <p class='ocr_par' dir='ltr' id='par_1_10' title="bbox 151 3091 1357 3200">
     <span class='ocr_line' id='line_1_18' title="bbox 151 3091 1357 3200; baseline -0.005 -26"><span class='ocrx_word' id='word_1_94' title='bbox 151 3181 153 3184; x_wconf 57' lang='grc'><strong>,</strong></span> <span class='ocrx_word' id='word_1_95' title='bbox 298 3095 388 3174; x_wconf 81' lang='lat' dir='ltr'><strong>Ales</strong></span> <span class='ocrx_word' id='word_1_96' title='bbox 416 3123 533 3200; x_wconf 86' lang='lat' dir='ltr'><strong>equus</strong></span> <span class='ocrx_word' id='word_1_97' title='bbox 560 3091 673 3172; x_wconf 87' lang='lat' dir='ltr'><strong>Pindi</strong></span> <span class='ocrx_word' id='word_1_98' title='bbox 701 3093 900 3169; x_wconf 86' lang='lat' dir='ltr'><strong>audentem</strong></span> <span class='ocrx_word' id='word_1_99' title='bbox 927 3105 1028 3168; x_wconf 88' lang='lat' dir='ltr'><strong>trans</strong></span> <span class='ocrx_word' id='word_1_100' title='bbox 1053 3108 1094 3168; x_wconf 89' lang='lat' dir='ltr'><strong>et</strong></span> <span class='ocrx_word' id='word_1_101' title='bbox 1118 3091 1208 3198; x_wconf 83' lang='lat' dir='ltr'><strong>juga</strong></span> <span class='ocrx_word' id='word_1_102' title='bbox 1235 3091 1357 3188; x_wconf 80' lang='lat' dir='ltr'><strong>celsa,</strong></span> 
     </span>
    </p>

    <p class='ocr_par' dir='ltr' id='par_1_11' title="bbox 400 3228 1172 3336">
     <span class='ocr_line' id='line_1_19' title="bbox 400 3228 1172 3336; baseline -0.008 -26"><span class='ocrx_word' id='word_1_103' title='bbox 400 3234 524 3310; x_wconf 77' lang='lat' dir='ltr'><strong>Trans</strong></span> <span class='ocrx_word' id='word_1_104' title='bbox 550 3247 592 3309; x_wconf 89' lang='lat' dir='ltr'><strong>et</strong></span> <span class='ocrx_word' id='word_1_105' title='bbox 618 3231 792 3326; x_wconf 80' lang='lat' dir='ltr'><strong>Parnassi</strong></span> <span class='ocrx_word' id='word_1_106' title='bbox 819 3228 993 3336; x_wconf 85' lang='lat' dir='ltr'><strong>laurigeri</strong></span> <span class='ocrx_word' id='word_1_107' title='bbox 1020 3256 1172 3308; x_wconf 86' lang='lat' dir='ltr'><strong>uemura</strong></span> 
     </span>
    </p>

    <p class='ocr_par' dir='ltr' id='par_1_12' title="bbox 293 3376 1322 3464">
     <span class='ocr_line' id='line_1_20' title="bbox 293 3376 1322 3464; baseline 0.002 -11"><span class='ocrx_word' id='word_1_108' title='bbox 293 3376 510 3464; x_wconf 65' lang='lat' dir='ltr'><strong>Ventorum</strong></span> <span class='ocrx_word' id='word_1_109' title='bbox 536 3378 574 3454; x_wconf 90' lang='lat' dir='ltr'><strong>in</strong></span> <span class='ocrx_word' id='word_1_110' title='bbox 603 3377 729 3456; x_wconf 87' lang='lat' dir='ltr'><strong>sedes:</strong></span> <span class='ocrx_word' id='word_1_111' title='bbox 756 3393 878 3454; x_wconf 83' lang='lat' dir='ltr'><strong>terras</strong></span> <span class='ocrx_word' id='word_1_112' title='bbox 906 3376 1002 3454; x_wconf 88' lang='lat' dir='ltr'><strong>uude</strong></span> <span class='ocrx_word' id='word_1_113' title='bbox 1029 3376 1163 3454; x_wconf 88' lang='lat' dir='ltr'><strong>arduus</strong></span> <span class='ocrx_word' id='word_1_114' title='bbox 1190 3405 1322 3456; x_wconf 84' lang='lat' dir='ltr'><strong>amnes</strong></span> 
     </span>
    </p>
   </div>
   <div class='ocr_carea' id='block_1_4' title="bbox 293 3521 1347 3911">
    <p class='ocr_par' dir='ltr' id='par_1_13' title="bbox 293 3521 1347 3911">
     <span class='ocr_line' id='line_1_21' title="bbox 399 3521 1143 3636; baseline -0.015 -28"><span class='ocrx_word' id='word_1_115' title='bbox 399 3529 603 3635; x_wconf 85' lang='lat' dir='ltr'><strong>Subjeetas</strong></span> <span class='ocrx_word' id='word_1_116' title='bbox 630 3553 750 3636; x_wconf 84' lang='lat' dir='ltr'><strong>prone</strong></span> <span class='ocrx_word' id='word_1_117' title='bbox 777 3524 913 3602; x_wconf 87' lang='lat' dir='ltr'><strong>lumine</strong></span> <span class='ocrx_word' id='word_1_118' title='bbox 941 3521 1143 3628; x_wconf 74' lang='lat' dir='ltr'><strong>despiciam</strong></span> 
     </span>
     <span class='ocr_line' id='line_1_22' title="bbox 293 3660 1306 3784; baseline -0.013 -30"><span class='ocrx_word' id='word_1_119' title='bbox 293 3678 381 3784; x_wconf 88' lang='lat' dir='ltr'><strong>lpse</strong></span> <span class='ocrx_word' id='word_1_120' title='bbox 407 3699 542 3778; x_wconf 81' lang='lat' dir='ltr'><strong>regens</strong></span> <span class='ocrx_word' id='word_1_121' title='bbox 569 3669 682 3746; x_wconf 86' lang='lat' dir='ltr'><strong>celeri</strong></span> <span class='ocrx_word' id='word_1_122' title='bbox 709 3667 928 3744; x_wconf 85' lang='lat' dir='ltr'><strong>volitantem</strong></span> <span class='ocrx_word' id='word_1_123' title='bbox 955 3660 1101 3742; x_wconf 78' lang='lat' dir='ltr'><strong>{lamine</strong></span> <span class='ocrx_word' id='word_1_124' title='bbox 1128 3693 1306 3764; x_wconf 83' lang='lat' dir='ltr'><strong>currum,</strong></span> 
     </span>
     <span class='ocr_line' id='line_1_23' title="bbox 395 3802 1347 3911; baseline -0.006 -24"><span class='ocrx_word' id='word_1_125' title='bbox 395 3811 474 3887; x_wconf 85' lang='lat' dir='ltr'><strong>Per</strong></span> <span class='ocrx_word' id='word_1_126' title='bbox 501 3805 679 3911; x_wconf 81' lang='lat' dir='ltr'><strong>liquidnm</strong></span> <span class='ocrx_word' id='word_1_127' title='bbox 706 3805 785 3908; x_wconf 86' lang='lat' dir='ltr'><strong>ipse</strong></span> <span class='ocrx_word' id='word_1_128' title='bbox 812 3819 945 3880; x_wconf 84' lang='lat' dir='ltr'><strong>notans</strong></span> <span class='ocrx_word' id='word_1_129' title='bbox 972 3808 1059 3880; x_wconf 70' lang='lat' dir='ltr'><strong>aera</strong></span> <span class='ocrx_word' id='word_1_130' title='bbox 1085 3803 1224 3909; x_wconf 86' lang='lat' dir='ltr'><strong>primus</strong></span> <span class='ocrx_word' id='word_1_131' title='bbox 1250 3802 1347 3881; x_wconf 89' lang='lat' dir='ltr'><strong>iter.</strong></span> 
     </span>
    </p>
   </div>
   <div class='ocr_carea' id='block_1_5' title="bbox 295 3996 1416 4224">
    <p class='ocr_par' dir='ltr' id='par_1_14' title="bbox 295 3996 1416 4224">
     <span class='ocr_line' id='line_1_24' title="bbox 383 3996 1416 4140; baseline -0.002 -24"><span class='ocrx_word' id='word_1_132' title='bbox 383 4065 428 4135; x_wconf 90' lang='grc' dir='ltr'><strong>(ι)</strong></span> <span class='ocrx_word' id='word_1_133' title='bbox 452 4051 555 4116; x_wconf 84' lang='lat' dir='ltr'><strong>Eidem</strong></span> <span class='ocrx_word' id='word_1_134' title='bbox 588 4065 619 4116; x_wconf 88' lang='lat' dir='ltr'><strong>et</strong></span> <span class='ocrx_word' id='word_1_135' title='bbox 643 4047 726 4112; x_wconf 81' lang='lat' dir='ltr'><strong>aliam</strong></span> <span class='ocrx_word' id='word_1_136' title='bbox 757 4050 871 4138; x_wconf 79' lang='lat' dir='ltr'><strong>scripsit</strong></span> <span class='ocrx_word' id='word_1_137' title='bbox 895 3996 1025 4138; x_wconf 76' lang='lat' dir='ltr'><strong>Elegiaru</strong></span> <span class='ocrx_word' id='word_1_138' title='bbox 1047 4051 1158 4117; x_wconf 84' lang='lat' dir='ltr'><strong>Auetur</strong></span> <span class='ocrx_word' id='word_1_139' title='bbox 1170 4097 1181 4132; x_wconf 85' lang='lat'>,</span> <span class='ocrx_word' id='word_1_140' title='bbox 1215 4071 1292 4140; x_wconf 80' lang='lat' dir='ltr'><strong>quse</strong></span> <span class='ocrx_word' id='word_1_141' title='bbox 1325 4049 1416 4115; x_wconf 82' lang='lat' dir='ltr'><strong>inille</strong></span> 
     </span>
     <span class='ocr_line' id='line_1_25' title="bbox 295 4139 1336 4224; baseline -0.008 -18"><span class='ocrx_word' id='word_1_142' title='bbox 295 4157 374 4209; x_wconf 75' lang='lat' dir='ltr'><strong>extat</strong></span> <span class='ocrx_word' id='word_1_143' title='bbox 395 4139 513 4224; x_wconf 85' lang='lat' dir='ltr'><strong>libello,</strong></span> <span class='ocrx_word' id='word_1_144' title='bbox 535 4139 583 4206; x_wconf 81' lang='lat' dir='ltr'><strong>eui</strong></span> <span class='ocrx_word' id='word_1_145' title='bbox 604 4142 694 4206; x_wconf 74' lang='lat' dir='ltr'><strong>neto</strong></span> <span class='ocrx_word' id='word_1_146' title='bbox 714 4161 839 4204; x_wconf 89' lang='lat' dir='ltr'><strong>numen.</strong></span> <span class='ocrx_word' id='word_1_147' title='bbox 1160 4163 1162 4168; x_wconf 88' lang='lat'><em>·</em></span> <span class='ocrx_word' id='word_1_148' title='bbox 1332 4161 1336 4166; x_wconf 95' lang='lat'>·</span> 
     </span>
    </p>
   </div>
   <div class='ocr_carea' id='block_1_6' title="bbox 1482 4213 1486 4410">
    <p class='ocr_par' dir='ltr' id='par_1_15' title="bbox 1482 4213 1486 4410">
     <span class='ocr_line' id='line_1_26' title="bbox 1482 4213 1486 4410; baseline 0 0"><span class='ocrx_word' id='word_1_149' title='bbox 1482 4213 1486 4410; x_wconf 93' lang='lat' dir='ltr'><strong>l</strong></span> 
     </span>
    </p>
   </div>
   <div class='ocr_carea' id='block_1_7' title="bbox 0 0 1555 5034">
    <p class='ocr_par' dir='ltr' id='par_1_16' title="bbox 0 0 1555 5034">
     <span class='ocr_line' id='line_1_27' title="bbox 0 0 1555 5034; baseline 0 0"><span class='ocrx_word' id='word_1_150' title='bbox 0 0 1555 5034; x_wconf 95' lang='lat' dir='ltr'><strong> </strong></span> 
     </span>
    </p>
   </div>
  </div>
 </body>
</html>
