3032 5034
1093 366 1166 442 ²²9

426 497 725 578 ELEGIA
775 491 874 568 XX.

339 651 414 726 Aa
448 647 701 724 Arriaca
736 643 966 716 Ruusrurr

215 794 264 872 de
291 793 472 868 Poematc
499 815 570 866 suc
594 788 696 892 quod
720 782 943 864 inscribitur
966 779 1080 856 Erro.

85 975 255 1209 Quod
277 1099 355 1152 sum
379 1095 487 1150 ausus
496 1093 694 1174 numquam
704 1090 866 1169 cupere,
885 1075 926 1136 et
946 1085 1040 1166 quae
1060 1055 1219 1134 maxima
1340 1055 1343 1062 '

291 1210 389 1287 dona

187 1347 367 1458 Nimphac
394 1345 659 1428 Heliconiades
686 1349 736 1422 rut
763 1362 922 1454 potuere
950 1334 1063 1432 dare,

80 1497 170 1575 Jam
197 1495 300 1604 cepi:
326 1495 395 1574 tihi
422 1523 533 1604 quum
560 1497 728 1593 videam,
756 1492 967 1570 suavissime
993 1489 1151 1587 Rubhi,

185 1635 271 1715 Nou
297 1637 411 1716 modo
437 1669 512 1726 nou
538 1641 666 1718 Musas
693 1635 921 1743 displicuisse
948 1659 1073 1738 meas,

79 1771 225 1852 Verum
253 1789 293 1850 et
319 1772 479 1874 laudari,
504 1789 545 1852 et
571 1772 658 1850 ferri
684 1803 707 1850 a
733 1791 773 1850 te
801 1776 964 1852 carmine
992 1777 1040 1853 ad
1067 1793 1188 1875 astra3

186 1917 388 2015 Carmine,
415 1917 517 2023 quud
542 1915 665 1994 valeat
693 1916 841 1992 demere
869 1919 1092 2017 Battiadae,

78 2063 249 2142 Demere
276 2063 513 2158 Mimnerno,
540 2074 604 2136 aut
631 2057 717 2136 Coc
744 2061 833 2138 data
861 2078 962 2138 serta
990 2062 1187 2162 Philetas,

183 2207 281 2314 Ipsis,
305 2205 343 2282 ni
369 2218 491 2282 certet
519 2201 708 2309 Calliopes
734 2203 915 2284 numeris.

76 2345 175 2424 Nam
202 2344 332 2422 meiius
360 2342 450 2450 quid
476 2360 583 2442 erat,
609 2372 718 2450 quam
746 2361 783 2423 te
810 2355 1063 2455 cognoscere,
1098 2365 1210 2457 teque

181 2487 415 2593 Quamquam
437 2485 618 2582 absente,
636 2499 762 2562 tamen
782 2514 887 2593 posse
907 2485 1002 2586 frui,
1022 2489 1209 2568 Aonidum

75 2621 233 2726 Odor,
260 2625 450 2706 doctrinae
477 2630 581 2710 certi
609 2646 650 2706 et
676 2625 846 2708 florentis
874 2593 1091 2708 auelles*

182 2767 256 2848 Cui
283 2765 388 2846 dedit
413 2772 628 2880 omnigenas
654 2771 795 2878 optima
822 2770 945 2852 Pallas
974 2797 1084 2876 opes,

76 2915 181 3016 Quas
206 2911 322 2992 hahet
348 2929 388 2993 et
413 2915 586 3013 Latium,
611 2943 701 3022 quas
728 2931 769 2994 et
796 2915 964 3014 Achaia,
991 2939 1154 3022 quasque

179 3049 329 3136 Gallica
354 3052 503 3162 lingua,
527 3053 627 3162 Tagi
653 3069 767 3162 putor
793 3068 833 3130 et
857 3051 1030 3150 auriferi,

76 3193 329 3302 Hispanique,
355 3195 621 3304 Britannique,
645 3209 684 3271 et
703 3192 904 3274 Charituru
924 3195 1071 3272 Domus
1090 3188 1206 3284 alma,

177 3333 278 3414 Hinc
305 3352 551 3443 reptentque
578 3335 716 3416 isthinc
742 3334 916 3412 fluctibus
944 3327 1072 3406 Italia.

73 3451 205 3554 Felix!
230 3478 288 3578 cui
316 3493 458 3556 tautum
485 3477 611 3577 licuit,
636 3480 697 3556 cui
723 3491 865 3554 tautam
894 3477 1005 3552 animi
1033 3472 1105 3576 rim

174 3619 279 3698 Diva
306 3621 431 3700 dedit.
458 3621 543 3700 Nun
569 3637 607 3698 te
633 3617 730 3699 sama
756 3620 819 3695 diu
847 3619 1001 3696 tacitum

72 3763 166 3842 Esse
193 3765 309 3842 sinet:
337 3765 401 3842 sed
431 3779 537 3845 recta
563 3764 674 3844 altum
702 3791 813 3871 super
840 3761 996 3840 aethera
1022 3765 1174 3871 pennis,

172 3909 248 4012 Qui
274 3909 347 4006 ris,
373 3909 465 3988 Eois
491 3908 618 4008 dicet,
644 3925 683 3985 et
706 3909 928 4016 Hesperiis,

72 4043 252 4148 Adriacas
278 4043 374 4122 ultra
399 4041 514 4146 fines,
541 4045 634 4124 ultra
661 4045 760 4126 Itala
787 4076 922 4155 regna.

71 4255 75 4266 .
169 4182 208 4261 0
235 4209 308 4288 ego
336 4195 412 4268 tum
439 4182 565 4290 quales
592 4183 749 4266 laetitias
775 4187 889 4268 mimi
