<?xml version="1.0" encoding="UTF-8"?>
<!DOCTYPE html PUBLIC "-//W3C//DTD XHTML 1.0 Transitional//EN"
    "http://www.w3.org/TR/xhtml1/DTD/xhtml1-transitional.dtd">
<html xmlns="http://www.w3.org/1999/xhtml" xml:lang="en" lang="en">
 <head>
  <title>
</title>
<meta http-equiv="Content-Type" content="text/html;charset=utf-8" />
  <meta name='ocr-system' content='tesseract 3.04.00' />
  <meta name='ocr-capabilities' content='ocr_page ocr_carea ocr_par ocr_line ocrx_word'/>
</head>
<body>
  <div class='ocr_page' id='page_1' title='image "./devitaetscripti00zamagoog_0231.png"; bbox 0 0 3032 5034; ppageno 0'>
   <div class='ocr_carea' id='block_1_1' title="bbox 1025 353 1092 404">
    <p class='ocr_par' dir='ltr' id='par_1_1' title="bbox 1025 353 1092 404">
     <span class='ocr_line' id='line_1_1' title="bbox 1025 353 1092 404; baseline -0.06 -1"><span class='ocrx_word' id='word_1_1' title='bbox 1025 353 1092 404; x_wconf 74' lang='lat'>221</span> 
     </span>
    </p>
   </div>
   <div class='ocr_carea' id='block_1_2' title="bbox 28 455 1054 580">
    <p class='ocr_par' dir='ltr' id='par_1_2' title="bbox 28 455 1054 580">
     <span class='ocr_line' id='line_1_2' title="bbox 28 455 1054 580; baseline -0.016 -29"><span class='ocrx_word' id='word_1_2' title='bbox 28 469 96 551; x_wconf 82' lang='lat' dir='ltr'>Nil</span> <span class='ocrx_word' id='word_1_3' title='bbox 124 473 273 578; x_wconf 84' lang='lat' dir='ltr'>patiens</span> <span class='ocrx_word' id='word_1_4' title='bbox 298 471 486 580; x_wconf 75' lang='lat' dir='ltr'>perferre,</span> <span class='ocrx_word' id='word_1_5' title='bbox 514 473 583 547; x_wconf 88' lang='lat' dir='ltr'>tuis</span> <span class='ocrx_word' id='word_1_6' title='bbox 609 473 678 548; x_wconf 87' lang='lat' dir='ltr'>nisi</span> <span class='ocrx_word' id='word_1_7' title='bbox 706 469 872 548; x_wconf 75' lang='lat' dir='ltr'>sensibus</span> <span class='ocrx_word' id='word_1_8' title='bbox 899 455 1054 572; x_wconf 80' lang='lat' dir='ltr'>aptum?</span> 
     </span>
    </p>
   </div>
   <div class='ocr_carea' id='block_1_3' title="bbox 23 604 1095 1716">
    <p class='ocr_par' dir='ltr' id='par_1_3' title="bbox 134 604 905 716">
     <span class='ocr_line' id='line_1_3' title="bbox 134 604 905 716; baseline -0.017 -28"><span class='ocrx_word' id='word_1_9' title='bbox 134 613 252 716; x_wconf 81' lang='lat' dir='ltr'>Atqui</span> <span class='ocrx_word' id='word_1_10' title='bbox 279 640 348 688; x_wconf 90' lang='lat' dir='ltr'>nec</span> <span class='ocrx_word' id='word_1_11' title='bbox 376 612 484 686; x_wconf 84' lang='lat' dir='ltr'>talem</span> <span class='ocrx_word' id='word_1_12' title='bbox 512 606 606 686; x_wconf 84' lang='lat' dir='ltr'>lama</span> <span class='ocrx_word' id='word_1_13' title='bbox 634 607 730 684; x_wconf 85' lang='lat' dir='ltr'>mihi</span> <span class='ocrx_word' id='word_1_14' title='bbox 748 604 905 698; x_wconf 75' lang='lat' dir='ltr'>retulit,</span> 
     </span>
    </p>

    <p class='ocr_par' dir='ltr' id='par_1_4' title="bbox 25 747 1095 1006">
     <span class='ocr_line' id='line_1_4' title="bbox 25 747 1095 863; baseline -0.009 -31"><span class='ocrx_word' id='word_1_15' title='bbox 25 755 174 832; x_wconf 80' lang='lat' dir='ltr'>Necte</span> <span class='ocrx_word' id='word_1_16' title='bbox 202 783 273 863; x_wconf 82' lang='lat' dir='ltr'>cgn</span> <span class='ocrx_word' id='word_1_17' title='bbox 301 785 377 832; x_wconf 84' lang='lat' dir='ltr'>sum</span> <span class='ocrx_word' id='word_1_18' title='bbox 406 758 518 832; x_wconf 84' lang='lat' dir='ltr'>toties</span> <span class='ocrx_word' id='word_1_19' title='bbox 546 770 743 861; x_wconf 81' lang='lat' dir='ltr'>expertus:</span> <span class='ocrx_word' id='word_1_20' title='bbox 772 755 858 858; x_wconf 88' lang='lat' dir='ltr'>quin</span> <span class='ocrx_word' id='word_1_21' title='bbox 887 778 993 856; x_wconf 82' lang='lat' dir='ltr'>mage</span> <span class='ocrx_word' id='word_1_22' title='bbox 1021 747 1095 823; x_wconf 92' lang='lat' dir='ltr'>leni</span> 
     </span>
     <span class='ocr_line' id='line_1_5' title="bbox 133 894 958 1006; baseline 0 -32"><span class='ocrx_word' id='word_1_23' title='bbox 133 903 339 1002; x_wconf 76' lang='lat' dir='ltr'><strong>Quemnam</strong></span> <span class='ocrx_word' id='word_1_24' title='bbox 366 894 727 1006; x_wconf 80' lang='lat' dir='ltr'>finxerunt&#39;ingenio</span> <span class='ocrx_word' id='word_1_25' title='bbox 757 899 958 994; x_wconf 75' lang='lat' dir='ltr'>Charites,</span> 
     </span>
    </p>

    <p class='ocr_par' dir='ltr' id='par_1_5' title="bbox 26 1043 1054 1292">
     <span class='ocr_line' id='line_1_6' title="bbox 26 1043 1054 1152; baseline -0.007 -28"><span class='ocrx_word' id='word_1_26' title='bbox 26 1045 81 1124; x_wconf 86' lang='lat' dir='ltr'>Et</span> <span class='ocrx_word' id='word_1_27' title='bbox 108 1072 213 1148; x_wconf 80' lang='lat' dir='ltr'>mage</span> <span class='ocrx_word' id='word_1_28' title='bbox 242 1058 442 1122; x_wconf 76' lang='lat' dir='ltr'><strong>certantem</strong></span> <span class='ocrx_word' id='word_1_29' title='bbox 471 1043 538 1122; x_wconf 88' lang='lat' dir='ltr'>sibi</span> <span class='ocrx_word' id='word_1_30' title='bbox 567 1045 683 1126; x_wconf 80' lang='lat' dir='ltr'>lectos</span> <span class='ocrx_word' id='word_1_31' title='bbox 706 1045 861 1152; x_wconf 81' lang='lat' dir='ltr'>jungere</span> <span class='ocrx_word' id='word_1_32' title='bbox 890 1044 1054 1138; x_wconf 76' lang='lat' dir='ltr'>amicos,</span> 
     </span>
     <span class='ocr_line' id='line_1_7' title="bbox 134 1185 976 1292; baseline 0.001 -26"><span class='ocrx_word' id='word_1_33' title='bbox 134 1189 294 1266; x_wconf 80' lang='lat' dir='ltr'>Servare</span> <span class='ocrx_word' id='word_1_34' title='bbox 323 1203 360 1264; x_wconf 87' lang='lat' dir='ltr'>et</span> <span class='ocrx_word' id='word_1_35' title='bbox 383 1189 731 1292; x_wconf 82' lang='lat' dir='ltr'>junctosomnibus</span> <span class='ocrx_word' id='word_1_36' title='bbox 759 1185 976 1271; x_wconf 80' lang='lat' dir='ltr'>illecebris?</span> 
     </span>
    </p>

    <p class='ocr_par' dir='ltr' id='par_1_6' title="bbox 23 1325 997 1574">
     <span class='ocr_line' id='line_1_8' title="bbox 23 1325 997 1434; baseline 0.004 -32"><span class='ocrx_word' id='word_1_37' title='bbox 23 1330 63 1408; x_wconf 89' lang='lat' dir='ltr'>T</span> <span class='ocrx_word' id='word_1_38' title='bbox 66 1357 87 1402; x_wconf 91' lang='lat' dir='ltr'>u</span> <span class='ocrx_word' id='word_1_39' title='bbox 117 1325 204 1401; x_wconf 87' lang='lat' dir='ltr'>mihi</span> <span class='ocrx_word' id='word_1_40' title='bbox 230 1328 482 1434; x_wconf 77' lang='lat' dir='ltr'><strong>magnanimae</strong></span> <span class='ocrx_word' id='word_1_41' title='bbox 511 1333 680 1406; x_wconf 79' lang='lat' dir='ltr'>reserasti</span> <span class='ocrx_word' id='word_1_42' title='bbox 708 1329 834 1408; x_wconf 88' lang='lat' dir='ltr'>limina</span> <span class='ocrx_word' id='word_1_43' title='bbox 862 1331 997 1408; x_wconf 85' lang='lat' dir='ltr'>Matris</span> 
     </span>
     <span class='ocr_line' id='line_1_9' title="bbox 133 1464 937 1574; baseline 0.004 -28"><span class='ocrx_word' id='word_1_44' title='bbox 133 1467 254 1546; x_wconf 86' lang='lat' dir='ltr'>Nullis</span> <span class='ocrx_word' id='word_1_45' title='bbox 280 1464 428 1548; x_wconf 85' lang='lat' dir='ltr'>florenti</span> <span class='ocrx_word' id='word_1_46' title='bbox 457 1473 651 1574; x_wconf 73' lang='lat' dir='ltr'>laudibus,</span> <span class='ocrx_word' id='word_1_47' title='bbox 679 1493 743 1556; x_wconf 89' lang='lat' dir='ltr'>ant</span> <span class='ocrx_word' id='word_1_48' title='bbox 772 1475 937 1573; x_wconf 82' lang='lat' dir='ltr'>meritis3</span> 
     </span>
    </p>

    <p class='ocr_par' dir='ltr' id='par_1_7' title="bbox 25 1607 1020 1716">
     <span class='ocr_line' id='line_1_10' title="bbox 25 1607 1020 1716; baseline 0 -28"><span class='ocrx_word' id='word_1_49' title='bbox 25 1611 89 1688; x_wconf 87' lang='lat' dir='ltr'>Tu</span> <span class='ocrx_word' id='word_1_50' title='bbox 124 1607 277 1714; x_wconf 80' lang='lat' dir='ltr'>dignum</span> <span class='ocrx_word' id='word_1_51' title='bbox 306 1613 494 1716; x_wconf 78' lang='lat' dir='ltr'>Augustae</span> <span class='ocrx_word' id='word_1_52' title='bbox 521 1610 638 1688; x_wconf 79' lang='lat' dir='ltr'>fecisti</span> <span class='ocrx_word' id='word_1_53' title='bbox 667 1612 1020 1707; x_wconf 59' lang='lat' dir='ltr'>nonenoeane,</span> 
     </span>
    </p>
   </div>
   <div class='ocr_carea' id='block_1_4' title="bbox 26 1750 1094 1997">
    <p class='ocr_par' dir='ltr' id='par_1_8' title="bbox 26 1750 1094 1997">
     <span class='ocr_line' id='line_1_11' title="bbox 135 1750 1036 1854; baseline 0.002 -30"><span class='ocrx_word' id='word_1_54' title='bbox 135 1751 258 1853; x_wconf 84' lang='lat' dir='ltr'>Quum</span> <span class='ocrx_word' id='word_1_55' title='bbox 287 1750 438 1854; x_wconf 82' lang='lat' dir='ltr'>primurn</span> <span class='ocrx_word' id='word_1_56' title='bbox 467 1767 598 1826; x_wconf 86' lang='lat' dir='ltr'>nostro</span> <span class='ocrx_word' id='word_1_57' title='bbox 624 1754 771 1830; x_wconf 89' lang='lat' dir='ltr'>nomine</span> <span class='ocrx_word' id='word_1_58' title='bbox 799 1751 1036 1830; x_wconf 76' lang='lat' dir='ltr'>Maeonidum</span> 
     </span>
     <span class='ocr_line' id='line_1_12' title="bbox 26 1879 1094 1997; baseline 0.004 -35"><span class='ocrx_word' id='word_1_59' title='bbox 26 1885 89 1962; x_wconf 94' lang='lat' dir='ltr'>llli</span> <span class='ocrx_word' id='word_1_60' title='bbox 112 1879 249 1962; x_wconf 71' lang='lat' dir='ltr'>essene</span> <span class='ocrx_word' id='word_1_61' title='bbox 277 1915 384 1963; x_wconf 89' lang='lat' dir='ltr'>ausus</span> <span class='ocrx_word' id='word_1_62' title='bbox 411 1887 457 1964; x_wconf 87' lang='lat' dir='ltr'>de</span> <span class='ocrx_word' id='word_1_63' title='bbox 486 1915 543 1964; x_wconf 90' lang='lat' dir='ltr'>me</span> <span class='ocrx_word' id='word_1_64' title='bbox 570 1917 609 1965; x_wconf 87' lang='lat' dir='ltr'>ea</span> <span class='ocrx_word' id='word_1_65' title='bbox 637 1890 731 1968; x_wconf 91' lang='lat' dir='ltr'>bene</span> <span class='ocrx_word' id='word_1_66' title='bbox 758 1891 871 1968; x_wconf 88' lang='lat' dir='ltr'>multa</span> <span class='ocrx_word' id='word_1_67' title='bbox 899 1892 1094 1997; x_wconf 73' lang='lat' dir='ltr'>loquutns‚</span> 
     </span>
    </p>
   </div>
   <div class='ocr_carea' id='block_1_5' title="bbox 23 2023 1156 4110">
    <p class='ocr_par' dir='ltr' id='par_1_9' title="bbox 23 2023 1156 4110">
     <span class='ocr_line' id='line_1_13' title="bbox 133 2023 878 2136; baseline 0.009 -37"><span class='ocrx_word' id='word_1_68' title='bbox 133 2029 250 2133; x_wconf 87' lang='lat' dir='ltr'>Queis</span> <span class='ocrx_word' id='word_1_69' title='bbox 277 2055 360 2136; x_wconf 86' lang='lat' dir='ltr'>spes</span> <span class='ocrx_word' id='word_1_70' title='bbox 386 2023 522 2104; x_wconf 84' lang='lat' dir='ltr'>sllnlsit</span> <span class='ocrx_word' id='word_1_71' title='bbox 550 2043 651 2105; x_wconf 85' lang='lat' dir='ltr'>certa</span> <span class='ocrx_word' id='word_1_72' title='bbox 678 2031 878 2134; x_wconf 87' lang='lat' dir='ltr'>patrocinii</span> 
     </span>
     <span class='ocr_line' id='line_1_14' title="bbox 25 2167 1073 2274; baseline -0.008 -24"><span class='ocrx_word' id='word_1_73' title='bbox 25 2169 109 2250; x_wconf 85' lang='lat' dir='ltr'>Nec</span> <span class='ocrx_word' id='word_1_74' title='bbox 138 2167 296 2266; x_wconf 76' lang='lat' dir='ltr'>sterilis,</span> <span class='ocrx_word' id='word_1_75' title='bbox 322 2195 391 2242; x_wconf 89' lang='lat' dir='ltr'>nec</span> <span class='ocrx_word' id='word_1_76' title='bbox 419 2195 551 2274; x_wconf 83' lang='lat' dir='ltr'>parva:</span> <span class='ocrx_word' id='word_1_77' title='bbox 579 2196 600 2242; x_wconf 86' lang='lat' dir='ltr'>s</span> <span class='ocrx_word' id='word_1_78' title='bbox 626 2182 662 2248; x_wconf 78' lang='lat' dir='ltr'>te</span> <span class='ocrx_word' id='word_1_79' title='bbox 690 2185 777 2244; x_wconf 85' lang='lat' dir='ltr'>sunt</span> <span class='ocrx_word' id='word_1_80' title='bbox 805 2168 927 2246; x_wconf 88' lang='lat' dir='ltr'>omnis</span> <span class='ocrx_word' id='word_1_81' title='bbox 954 2169 1073 2272; x_wconf 89' lang='lat' dir='ltr'>primo</span> 
     </span>
     <span class='ocr_line' id='line_1_15' title="bbox 135 2303 1027 2402; baseline -0.002 -18"><span class='ocrx_word' id='word_1_82' title='bbox 135 2305 369 2400; x_wconf 78' lang='lat' dir='ltr'>Commoda,</span> <span class='ocrx_word' id='word_1_83' title='bbox 396 2319 488 2394; x_wconf 54' lang='lat' dir='ltr'>sunt,</span> <span class='ocrx_word' id='word_1_84' title='bbox 505 2303 613 2382; x_wconf 88' lang='lat' dir='ltr'>nobis</span> <span class='ocrx_word' id='word_1_85' title='bbox 640 2307 760 2383; x_wconf 87' lang='lat' dir='ltr'>omnia</span> <span class='ocrx_word' id='word_1_86' title='bbox 788 2321 876 2382; x_wconf 88' lang='lat' dir='ltr'>nats</span> <span class='ocrx_word' id='word_1_87' title='bbox 904 2303 1027 2402; x_wconf 79' lang='lat' dir='ltr'>bona,</span> 
     </span>
     <span class='ocr_line' id='line_1_16' title="bbox 29 2441 977 2555; baseline -0.006 -27"><span class='ocrx_word' id='word_1_88' title='bbox 29 2447 82 2528; x_wconf 84' lang='lat' dir='ltr'>Et</span> <span class='ocrx_word' id='word_1_89' title='bbox 111 2445 262 2522; x_wconf 81' lang='lat' dir='ltr'>venient</span> <span class='ocrx_word' id='word_1_90' title='bbox 286 2441 448 2548; x_wconf 85' lang='lat' dir='ltr'>majora,</span> <span class='ocrx_word' id='word_1_91' title='bbox 476 2445 633 2519; x_wconf 90' lang='lat' dir='ltr'>animum</span> <span class='ocrx_word' id='word_1_92' title='bbox 661 2448 699 2522; x_wconf 94' lang='lat' dir='ltr'>ni</span> <span class='ocrx_word' id='word_1_93' title='bbox 727 2446 814 2522; x_wconf 87' lang='lat' dir='ltr'>lusit</span> <span class='ocrx_word' id='word_1_94' title='bbox 843 2447 977 2555; x_wconf 84' lang='lat' dir='ltr'><strong>Apollo</strong></span> 
     </span>
     <span class='ocr_line' id='line_1_17' title="bbox 132 2577 1066 2699; baseline 0.006 -33"><span class='ocrx_word' id='word_1_95' title='bbox 132 2589 256 2696; x_wconf 80' lang='lat' dir='ltr'>Saepe</span> <span class='ocrx_word' id='word_1_96' title='bbox 284 2585 371 2664; x_wconf 91' lang='lat' dir='ltr'>mibi</span> <span class='ocrx_word' id='word_1_97' title='bbox 397 2585 443 2660; x_wconf 92' lang='lat' dir='ltr'>de</span> <span class='ocrx_word' id='word_1_98' title='bbox 472 2602 511 2663; x_wconf 92' lang='lat' dir='ltr'>te</span> <span class='ocrx_word' id='word_1_99' title='bbox 537 2589 693 2691; x_wconf 81' lang='lat' dir='ltr'>grandia</span> <span class='ocrx_word' id='word_1_100' title='bbox 720 2593 920 2699; x_wconf 77' lang='lat' dir='ltr'>pollicitus.</span> <span class='ocrx_word' id='word_1_101' title='bbox 1042 2577 1066 2614; x_wconf 69' lang='lat'>⁸</span> 
     </span>
     <span class='ocr_line' id='line_1_18' title="bbox 26 2729 1156 2838; baseline 0.004 -32"><span class='ocrx_word' id='word_1_102' title='bbox 26 2739 261 2838; x_wconf 85' lang='lat' dir='ltr'>Quamquam</span> <span class='ocrx_word' id='word_1_103' title='bbox 290 2757 360 2838; x_wconf 85' lang='lat' dir='ltr'>ego</span> <span class='ocrx_word' id='word_1_104' title='bbox 389 2729 478 2838; x_wconf 89' lang='lat' dir='ltr'>qnid</span> <span class='ocrx_word' id='word_1_105' title='bbox 506 2733 647 2838; x_wconf 88' lang='lat' dir='ltr'>cupiam</span> <span class='ocrx_word' id='word_1_106' title='bbox 667 2730 812 2838; x_wconf 77' lang='lat' dir='ltr'>majos?</span> <span class='ocrx_word' id='word_1_107' title='bbox 837 2764 909 2811; x_wconf 94' lang='lat' dir='ltr'>non</span> <span class='ocrx_word' id='word_1_108' title='bbox 931 2733 1055 2813; x_wconf 85' lang='lat' dir='ltr'>divitia</span> <span class='ocrx_word' id='word_1_109' title='bbox 1075 2736 1156 2812; x_wconf 83' lang='lat' dir='ltr'>auri</span> 
     </span>
     <span class='ocr_line' id='line_1_19' title="bbox 131 2872 956 2978; baseline 0 -28"><span class='ocrx_word' id='word_1_110' title='bbox 131 2873 194 2950; x_wconf 88' lang='lat' dir='ltr'>Me</span> <span class='ocrx_word' id='word_1_111' title='bbox 223 2872 323 2969; x_wconf 80' lang='lat' dir='ltr'>sitis,</span> <span class='ocrx_word' id='word_1_112' title='bbox 350 2875 584 2978; x_wconf 81' lang='lat' dir='ltr'>aut-agitans</span> <span class='ocrx_word' id='word_1_113' title='bbox 612 2876 755 2952; x_wconf 83' lang='lat' dir='ltr'>excitat</span> <span class='ocrx_word' id='word_1_114' title='bbox 782 2872 956 2950; x_wconf 75' lang='lat' dir='ltr'>ambitio:</span> 
     </span>
     <span class='ocr_line' id='line_1_20' title="bbox 23 3009 1007 3120; baseline 0 -32"><span class='ocrx_word' id='word_1_115' title='bbox 23 3011 160 3108; x_wconf 79' lang='lat' dir='ltr'>Talia,</span> <span class='ocrx_word' id='word_1_116' title='bbox 186 3040 277 3116; x_wconf 90' lang='lat' dir='ltr'>qnos</span> <span class='ocrx_word' id='word_1_117' title='bbox 305 3011 428 3090; x_wconf 86' lang='lat' dir='ltr'>ridens</span> <span class='ocrx_word' id='word_1_118' title='bbox 456 3013 556 3090; x_wconf 91' lang='lat' dir='ltr'>tollit</span> <span class='ocrx_word' id='word_1_119' title='bbox 582 3009 754 3111; x_wconf 74' lang='lat' dir='ltr'>fortuna,</span> <span class='ocrx_word' id='word_1_120' title='bbox 782 3029 1007 3120; x_wconf 85' lang='lat' dir='ltr'>sequantur3</span> 
     </span>
     <span class='ocr_line' id='line_1_21' title="bbox 132 3157 1078 3270; baseline 0.004 -36"><span class='ocrx_word' id='word_1_121' title='bbox 132 3157 216 3239; x_wconf 84' lang='lat' dir='ltr'>Non</span> <span class='ocrx_word' id='word_1_122' title='bbox 244 3187 338 3266; x_wconf 62' lang='lat' dir='ltr'>ego„</span> <span class='ocrx_word' id='word_1_123' title='bbox 367 3163 426 3268; x_wconf 81' lang='lat' dir='ltr'>qui</span> <span class='ocrx_word' id='word_1_124' title='bbox 456 3159 566 3238; x_wconf 91' lang='lat' dir='ltr'>didici</span> <span class='ocrx_word' id='word_1_125' title='bbox 594 3189 724 3270; x_wconf 86' lang='lat' dir='ltr'>parcus</span> <span class='ocrx_word' id='word_1_126' title='bbox 752 3191 875 3238; x_wconf 86' lang='lat' dir='ltr'>amare</span> <span class='ocrx_word' id='word_1_127' title='bbox 902 3163 1078 3260; x_wconf 83' lang='lat' dir='ltr'>modum,</span> 
     </span>
     <span class='ocr_line' id='line_1_22' title="bbox 28 3299 1028 3408; baseline -0.002 -32"><span class='ocrx_word' id='word_1_128' title='bbox 28 3303 247 3408; x_wconf 80' lang='lat' dir='ltr'>virtutique</span> <span class='ocrx_word' id='word_1_129' title='bbox 274 3303 413 3407; x_wconf 72' lang='lat' dir='ltr'>magis,</span> <span class='ocrx_word' id='word_1_130' title='bbox 440 3329 573 3378; x_wconf 85' lang='lat' dir='ltr'>caecae</span> <span class='ocrx_word' id='word_1_131' title='bbox 601 3331 709 3405; x_wconf 88' lang='lat' dir='ltr'>qnam</span> <span class='ocrx_word' id='word_1_132' title='bbox 736 3299 849 3378; x_wconf 87' lang='lat' dir='ltr'>liderc</span> <span class='ocrx_word' id='word_1_133' title='bbox 879 3303 1028 3398; x_wconf 84' lang='lat' dir='ltr'>Divae,</span> 
     </span>
     <span class='ocr_line' id='line_1_23' title="bbox 109 3440 1022 3546; baseline -0.007 -32"><span class='ocrx_word' id='word_1_134' title='bbox 109 3447 236 3546; x_wconf 24' lang='lat' dir='ltr'>*Quae</span> <span class='ocrx_word' id='word_1_135' title='bbox 264 3440 354 3520; x_wconf 82' lang='lat' dir='ltr'>levis</span> <span class='ocrx_word' id='word_1_136' title='bbox 382 3441 545 3518; x_wconf 87' lang='lat' dir='ltr'>assiduas</span> <span class='ocrx_word' id='word_1_137' title='bbox 574 3455 696 3515; x_wconf 85' lang='lat' dir='ltr'>versat</span> <span class='ocrx_word' id='word_1_138' title='bbox 724 3442 875 3542; x_wconf 83' lang='lat' dir='ltr'>agitque</span> <span class='ocrx_word' id='word_1_139' title='bbox 905 3441 1022 3514; x_wconf 86' lang='lat' dir='ltr'>vices.</span> 
     </span>
     <span class='ocr_line' id='line_1_24' title="bbox 24 3583 972 3692; baseline -0.012 -25"><span class='ocrx_word' id='word_1_140' title='bbox 24 3592 82 3672; x_wconf 91' lang='lat' dir='ltr'>Mi</span> <span class='ocrx_word' id='word_1_141' title='bbox 111 3603 170 3664; x_wconf 90' lang='lat' dir='ltr'>sat</span> <span class='ocrx_word' id='word_1_142' title='bbox 197 3589 295 3682; x_wconf 83' lang='lat' dir='ltr'>erit,</span> <span class='ocrx_word' id='word_1_143' title='bbox 320 3585 432 3662; x_wconf 92' lang='lat' dir='ltr'>liceat</span> <span class='ocrx_word' id='word_1_144' title='bbox 458 3583 638 3692; x_wconf 84' lang='lat' dir='ltr'>siquando</span> <span class='ocrx_word' id='word_1_145' title='bbox 666 3583 828 3660; x_wconf 87' lang='lat' dir='ltr'>carmine</span> <span class='ocrx_word' id='word_1_146' title='bbox 859 3583 972 3690; x_wconf 86' lang='lat' dir='ltr'>digno</span> 
     </span>
     <span class='ocr_line' id='line_1_25' title="bbox 131 3721 1078 3834; baseline -0.011 -28"><span class='ocrx_word' id='word_1_147' title='bbox 131 3730 271 3834; x_wconf 84' lang='lat' dir='ltr'>lugens</span> <span class='ocrx_word' id='word_1_148' title='bbox 298 3724 538 3806; x_wconf 80' lang='lat' dir='ltr'>Austriads‘nn</span> <span class='ocrx_word' id='word_1_149' title='bbox 565 3723 694 3800; x_wconf 85' lang='lat' dir='ltr'>tollere</span> <span class='ocrx_word' id='word_1_150' title='bbox 721 3721 768 3799; x_wconf 87' lang='lat' dir='ltr'>ad</span> <span class='ocrx_word' id='word_1_151' title='bbox 795 3736 896 3798; x_wconf 87' lang='lat' dir='ltr'>astra</span> <span class='ocrx_word' id='word_1_152' title='bbox 924 3724 1078 3817; x_wconf 70' lang='lat' dir='ltr'>Decus,</span> 
     </span>
     <span class='ocr_line' id='line_1_26' title="bbox 25 3864 1077 3974; baseline -0.008 -26"><span class='ocrx_word' id='word_1_153' title='bbox 25 3869 168 3950; x_wconf 81' lang='lat' dir='ltr'>Matris</span> <span class='ocrx_word' id='word_1_154' title='bbox 192 3884 231 3945; x_wconf 85' lang='lat' dir='ltr'>et</span> <span class='ocrx_word' id='word_1_155' title='bbox 255 3873 449 3972; x_wconf 82' lang='lat' dir='ltr'>Augustae</span> <span class='ocrx_word' id='word_1_156' title='bbox 475 3893 648 3974; x_wconf 81' lang='lat' dir='ltr'>magnum</span> <span class='ocrx_word' id='word_1_157' title='bbox 677 3865 826 3972; x_wconf 83' lang='lat' dir='ltr'>vulgare</span> <span class='ocrx_word' id='word_1_158' title='bbox 854 3889 920 3970; x_wconf 87' lang='lat' dir='ltr'>per</span> <span class='ocrx_word' id='word_1_159' title='bbox 949 3864 1077 3942; x_wconf 85' lang='lat' dir='ltr'>orbem</span> 
     </span>
     <span class='ocr_line' id='line_1_27' title="bbox 85 4001 962 4110; baseline -0.007 -25"><span class='ocrx_word' id='word_1_160' title='bbox 85 4091 89 4100; x_wconf 64' lang='grc'>,</span> <span class='ocrx_word' id='word_1_161' title='bbox 128 4001 353 4110; x_wconf 83' lang='lat' dir='ltr'>Largilicum</span> <span class='ocrx_word' id='word_1_162' title='bbox 380 4023 420 4082; x_wconf 91' lang='lat' dir='ltr'>et</span> <span class='ocrx_word' id='word_1_163' title='bbox 447 4005 555 4080; x_wconf 88' lang='lat' dir='ltr'>nullis</span> <span class='ocrx_word' id='word_1_164' title='bbox 583 4007 728 4084; x_wconf 90' lang='lat' dir='ltr'>casibus</span> <span class='ocrx_word' id='word_1_165' title='bbox 756 4007 962 4084; x_wconf 86' lang='lat' dir='ltr'>edomitum</span> 
     </span>
    </p>
   </div>
   <div class='ocr_carea' id='block_1_6' title="bbox 24 4148 1129 4262">
    <p class='ocr_par' dir='ltr' id='par_1_10' title="bbox 24 4148 1129 4262">
     <span class='ocr_line' id='line_1_28' title="bbox 24 4148 1129 4262; baseline -0.018 -20"><span class='ocrx_word' id='word_1_166' title='bbox 24 4161 134 4242; x_wconf 85' lang='lat' dir='ltr'>lllnm</span> <span class='ocrx_word' id='word_1_167' title='bbox 164 4161 354 4254; x_wconf 64' lang='lat' dir='ltr'>animum,</span> <span class='ocrx_word' id='word_1_168' title='bbox 381 4155 452 4232; x_wconf 77' lang='lat' dir='ltr'>lot‘a</span> <span class='ocrx_word' id='word_1_169' title='bbox 479 4185 551 4262; x_wconf 89' lang='lat' dir='ltr'>qno</span> <span class='ocrx_word' id='word_1_170' title='bbox 580 4155 769 4259; x_wconf 76' lang='lat' dir='ltr'>splendet,</span> <span class='ocrx_word' id='word_1_171' title='bbox 796 4170 837 4229; x_wconf 86' lang='lat' dir='ltr'>ut</span> <span class='ocrx_word' id='word_1_172' title='bbox 862 4153 1046 4229; x_wconf 82' lang='lat' dir='ltr'>aetherius</span> <span class='ocrx_word' id='word_1_173' title='bbox 1074 4148 1129 4224; x_wconf 90' lang='lat' dir='ltr'>sol</span> 
     </span>
    </p>
   </div>
   <div class='ocr_carea' id='block_1_7' title="bbox 0 0 1520 5034">
    <p class='ocr_par' dir='ltr' id='par_1_11' title="bbox 0 0 1520 5034">
     <span class='ocr_line' id='line_1_29' title="bbox 0 0 1520 5034; baseline 0 0"><span class='ocrx_word' id='word_1_174' title='bbox 0 0 1520 5034; x_wconf 95' lang='lat' dir='ltr'> </span> 
     </span>
    </p>
   </div>
  </div>
 </body>
</html>
