3004 5044
1119 365 1164 440 sd

76 536 164 586 enm
196 507 356 588 Gemite
384 511 599 612 Firmisno,
625 529 667 591 et
691 511 900 592 Batonibus
917 505 1155 602 Wilseolsio,
1181 519 1222 582 et

78 651 294 757 Spergesio
331 649 568 730 Caesarianis
601 650 639 730 io
674 650 737 728 illa
773 647 856 724 aula
897 641 1144 740 consiliariis,
1180 655 1221 716 et

79 787 340 885 administris,
374 789 459 894 qui,
497 817 580 864 cnm
607 801 733 864 essent
758 801 799 860 et
826 783 1035 860 litterarum
1060 779 1219 858 cultores

79 927 235 1021 eximii,
262 925 371 1002 etde
397 925 487 1032 ipsis
514 923 564 1002 ob
590 921 852 1002 liberalitatem
879 921 917 998 in
945 919 1046 998 risos
1062 918 1219 1014 doctos,

83 1065 223 1170 optime
250 1063 369 1142 meriti
382 1064 643 1170 „Zsmagnam
661 1061 698 1138 in
719 1062 844 1168 primis
862 1087 988 1152 carum
1006 1053 1215 1134 habebant.

82 1211 184 1288 Item
212 1212 329 1288 etiam
354 1205 639 1287 familiaritatem
665 1219 881 1314 assequutus
909 1217 968 1282 est
995 1199 1141 1280 illorum
1172 1197 1219 1276 le·

83 1377 122 1424 re
150 1341 323 1426 omnium
342 1347 641 1427 doctissimorum
679 1345 862 1440 virorum,
896 1341 959 1448 qui
987 1355 1215 1446 tempestate
1246 1447 1251 1460 ι

84 1491 145 1568 illa
173 1491 292 1570 bonus
318 1505 444 1588 artes,
479 1507 519 1570 et
542 1487 669 1568 studia
692 1518 715 1568 a
740 1485 930 1586 Graecia,
965 1501 1005 1564 et
1029 1474 1144 1564 latio
1178 1485 1217 1562 iss

86 1621 296 1706 Insubrium
322 1629 561 1738 traducentes
586 1623 829 1708 immortalem
859 1623 984 1712 seculo
1004 1613 1218 1731 ,imperatri-

86 1774 140 1848 cis
168 1773 312 1852 Marius
340 1775 546 1860 Theresise
574 1774 981 1886 lamsm‘pepereruut.
1012 1775 1213 1854 Caeterum

85 1915 186 1993 inter
213 1917 329 2018 haec,
356 1935 470 2027 atque
498 1919 592 2020 alia,
618 1950 713 2027 quse
733 1925 965 2026 Zamsgusm
991 1917 1029 1992 in
1048 1915 1141 1994 urbe
1169 1919 1214 1993 sd

85 2055 206 2133 animi*
221 2060 491 2136 recreationem
516 2057 629 2136 veluti
654 2054 749 2134 lauta
775 2086 798 2131 a
830 2051 980 2147 studio,
1015 2066 1055 2126 et
1086 2051 1216 2128 labore

84 2221 243 2272 avocare
269 2223 380 2303 posse
406 2195 529 2300 aliqua
555 2219 603 2270 ex
626 2207 733 2300 parte
760 2191 1010 2288 ridebantur,
1039 2217 1113 2267 uon
1144 2215 1218 2263 me·

85 2329 133 2410 do
160 2331 224 2410 ille
252 2347 449 2412 consuetas
475 2331 736 2438 occupationes
760 2357 836 2407 nou
859 2309 1080 2427 intermisit,
1104 2327 1216 2404 immo

7 2521 8 2550 1
88 2471 267 2578 majorem
295 2473 432 2568 stium,
467 2497 576 2576 qoam
602 2469 942 2568 notemleetioui,
977 2485 1018 2546 et
1049 2467 1217 2580 scriptiu-

7 2581 9 2636 ἑ
86 2609 195 2710 uibus
214 2609 289 2688 suis
308 2635 457 2715 operam
475 2605 642 2684 navavit.
663 2605 789 2709 Quare
809 2605 1014 2686 mirandum
1040 2635 1116 2684 non
1135 2619 1214 2702 est,

7 2687 10 2854 l
88 2753 186 2859 qood
220 2752 344 2833 omnis
380 2753 567 2856 Hesiodi,
602 2757 913 2865 Gesscorumque
949 2751 1210 2832 Bucolicorum

7 2897 8 2952 ἶ
88 2907 278 2997 poetarum
314 2920 427 3000 opere
462 2893 529 2976 abs
565 2925 604 2974 se
630 2895 767 2974 Latine
799 2895 874 3003 jam
902 2923 1008 2974 rerss
1043 2894 1214 2973 celeriter

7 2997 10 3158 l
90 3029 329 3130 emendaret,
364 3045 403 3108 et
428 3031 610 3132 Parmse,
643 3063 716 3142 qno
743 3028 1011 3112 autumnalibus
1035 3031 1136 3112 lcriis
1161 3033 1214 3108 di·

7 3161 8 3184 *
90 3165 328 3268 vertebatur,
344 3167 570 3248 Bodouianis
587 3171 688 3279 typis
707 3173 979 3280 elegantissime
999 3173 1210 3268 meretis).

143 3313 411 3424 liventque
439 3329 482 3392 ut
504 3314 792 3394 deHesiodisua
819 3317 989 3396 rersicae
1016 3289 1215 3395 aBerusrss

7 3511 9 3552 r
88 3465 138 3544 do
174 3463 341 3544 conlecto
367 3459 504 3569 aliquid
530 3461 717 3560 dicamus,
751 3479 878 3540 notum
911 3465 952 3540 in
981 3461 1213 3572 primisset,
1276 3445 1281 3456 ¹

91 3613 194 3722 liujus
215 3613 356 3690 Graeci
376 3611 546 3704 Poetae,
572 3633 665 3716 qnae
682 3622 881 3714 supersunt
903 3609 1066 3716 scripta,
1091 3607 1213 3688 Thec-

7 3801 8 3812 κ
92 3754 237 3858 goniam
263 3749 431 3850 scilieet,
458 3749 610 3858 Opera,
635 3749 757 3846 Dies,
784 3761 823 3822 et
849 3743 1007 3824 Scotum
1034 3744 1212 3828 Herculis

7 3973 8 4004 ἦ
78 3925 162 3976 xnors
188 3895 301 3976 modo
326 3923 472 3991 rerum,
506 3921 597 4002 ques
623 3891 844 3994 contineor,
879 3893 1115 3990 discrimine,
1144 3887 1211 3972 ssd

7 4123 10 4156 ³
93 4037 200 4118 etium
225 4037 262 4114 in
289 4033 385 4135 stili,
411 4063 485 4142 quo
510 4035 718 4140 conscripto
744 4049 856 4135 sunt,
889 4031 1070 4110 varietate
1096 4027 1207 4134 louge

7 4219 10 4292 ῃ
94 4205 170 4260 esse
195 4180 293 4265 iuter
308 4211 350 4263 se
368 4185 535 4266 diuersa·
560 4179 781 4286 Theogonis
799 4177 1041 4302 praesertim,
1066 4185 1130 4256 seu
1148 4199 1210 4286 gs*-

7 4357 11 4468 l
