3032 5034
384 361 459 438 236

433 507 611 586 Protinus
636 507 673 584 in
702 535 848 588 auarern
875 513 1056 590 laetitiam
1084 510 1235 608 anitior3

332 649 439 750 Quae
467 644 615 753 penitus
639 643 726 734 dum
752 675 820 755 per
847 677 973 726 aeneus
999 648 1210 727 dulcissima
1237 673 1401 755 serpena

431 787 520 867 Imie
546 786 720 872 fibrarum
746 820 786 868 ee
812 791 975 868 insinuat
999 791 1174 890 latebris,

327 929 414 1007 Non
442 941 501 1004 eat
526 955 585 1004 me
611 929 687 1007 risu
714 945 778 1008 aut
801 929 967 1039 gaudena
992 945 1082 1008 nuta
1107 929 1170 1008 illu
1197 930 1332 1008 Dione

429 1066 609 1167 Laetior,
635 1083 702 1146 aut
728 1067 759 1146 ei
786 1067 875 1174 quid
900 1067 1034 1146 laetius
1059 1081 1119 1144 eat
1145 1065 1322 1144 Venere.

327 1207 438 1310 Quod
465 1206 560 1286 bene
587 1235 698 1314 quum
724 1233 880 1306 nutent,
906 1234 1090 1314 quumque
1117 1205 1210 1284 haee
1236 1205 1328 1283 mihi
1347 1219 1455 1316 paru

532 1347 701 1454 voluptas

427 1491 513 1572 Nun
540 1493 619 1569 uine
646 1505 682 1566 te
709 1490 823 1594 (quid
849 1494 947 1570 enim
970 1509 1014 1568 te
1042 1493 1120 1570 uiue
1146 1491 1328 1599 profuerit

328 1629 447 1710 Insita
473 1644 628 1708 naturae
655 1631 708 1708 riu
736 1659 809 1706 nun
837 1629 988 1708 exculta
1012 1656 1078 1736 per
1105 1622 1280 1728 artemi)

427 1773 506 1852 Die
532 1799 629 1879 age,
654 1786 695 1848 te
714 1767 996 1880 pudeat'num,
1022 1768 1270 1876 Raymunde‚
1296 1767 1408 1852 mei?

324 1914 384 1992 Au
410 1911 531 2019 potina
558 1910 684 1990 ridear
709 1927 751 1990 te
777 1909 939 2022 diguus?
966 1894 1028 1990 ubi
1055 1913 1186 1992 adnuis
1212 1915 1319 2018 ipre,

428 2051 582 2134 Adnuet
608 2066 650 2130 et
675 2054 800 2134 Pindo
827 2051 1005 2134 Phoebus
1032 2051 1079 2130 ab
1107 2051 1252 2150 Aoni03

322 2199 380 2275 Ae
406 2196 500 2278 duee
528 2199 597 2278 auh
624 2218 731 2282 tantu
758 2202 977 2292 tendentem
1004 2201 1086 2281 vela
1111 2196 1177 2310 per
1202 2234 1316 2284 aurae

422 2353 509 2432 Nun
535 2351 715 2460 Hyades,
740 2382 816 2431 nun
842 2379 902 2427 rue
928 2359 1072 2424 terreat
1095 2344 1260 2428 Oarion.

616 2569 1142 2591 W

628 2775 933 2856 ELEGIA
979 2777 1122 2857 XXII.

497 3053 571 3128 An
604 3055 932 3132 Baranam
971 3062 1268 3134 Curreurnx

632 3219 740 3272 suum
766 3195 853 3268 olim
878 3199 1128 3296 Magistrum.

411 3478 444 3554 ni
472 3493 610 3556 cuneta
635 3477 788 3586 ingenio
813 3473 977 3554 Naturae
1004 3505 1137 3554 areana
1164 3481 1293 3587 aegaei

419 3615 613 3716 serutari,
639 3631 680 3694 et
706 3615 826 3694 duutia
853 3613 1013 3721 prodere
1041 3615 1270 3695 carminibus

313 3761 504 3842 Primores
530 3763 609 3866 egit
633 3776 784 3859 ratum,
808 3762 1036 3867 praeatantia
1061 3779 1191 3840 noetus

416 3893 599 3993 Palladii,
625 3911 665 3972 et
688 3909 821 3973 noetus
848 3888 984 3976 lumi'na
1011 3899 1221 4007 Apollinei3

313 4043 445 4142 Idem,
470 4039 619 4150 qnando
645 4041 739 4118 imus
765 4042 914 4119 nummis
930 4041 1143 4152 ¹adjungere
1170 4051 1343 4156 gaudet,

413 4183 608 4288 Urereque
635 4177 954 4260 adnuntiarentur
980 4179 1077 4260 iulet
1101 4179 1259 4288 faculis,
