3032 5034
1064 440 1135 519 ²²7

163 546 345 626 duruerat
372 547 652 655 praeseferre
680 550 780 630 nicee
808 550 953 658 populi.
1013 583 1016 590 ·

58 685 170 762 Haec
198 705 304 792 mage
331 683 555 764 Maeonidae
582 703 721 786 cantu,
747 715 857 796 quam
881 686 987 766 sortis
1005 689 1190 787 Achilleo,

162 831 293 938 Digna
320 829 412 908 haee
440 835 591 910 Aeneae
619 847 704 910 aunt
729 833 868 946 pietate
896 835 1016 938 priua.

57 968 191 1066 Felix,
218 998 241 1044 o
266 968 418 1046 nimium
445 963 556 1068 lelix,
582 999 691 1076 quam
719 970 869 1048 vincere
896 970 1017 1048 nulla'

162 1109 282 1186 Frena
309 1107 424 1186 valuit
453 1123 563 1186 tauto
591 1112 628 1186 i'u
656 1109 816 1190 culmine
843 1109 1113 1216 compositam,

54 1255 371 1335 Transreroamre
398 1251 479 1360 egit
502 1269 652 1360 sceptra
678 1255 778 1332 iuter
803 1283 972 1364 gemmea
999 1252 1116 1334 laetus

161 1393 197 1466 Α
223 1403 331 1466 recto
357 1390 440 1470 dine
467 1395 621 1472 tramite
647 1395 837 1501 justitiae,

55 1535 180 1640 Quam
201 1533 271 1612 eibi
290 1537 482 1644 proposuit
500 1539 702 1635 comitem,
727 1565 800 1644 qua
828 1519 1016 1645 orrentia,
1043 1549 1083 1612 et
1099 1535 1186 1641 ipris

161 1682 277 1760 Soeta
304 1682 394 1761 dare
421 1697 479 1760 eat
503 1711 641 1790 poenae
668 1683 822 1790 provida
848 1684 1084 1764 criminibus.

53 1819 127 1898 llla
155 1821 303 1927 quidem
330 1797 484 1928 maguae
511 1821 607 1896 inter
633 1818 891 1900 numerabitur
918 1851 1033 1931 usque

158 1967 372 2064 Heminae,
398 1979 492 2073 quot
515 1965 615 2046 cecla
642 1965 783 2066 tulere3
810 1967 876 2044 aed
904 1969 927 2043 d

54 2103 289 2184 Vindobona
314 2103 464 2204 infelix,
489 2133 565 2211 quo
591 2131 691 2182 nunc
718 2117 784 2184 tua
810 2105 927 2214 gloria
954 2106 1086 2202 ceruit,

158 2248 281 2350 Quam
308 2243 479 2322 dominae
506 2244 546 2320 in
573 2245 649 2322 rita
676 2242 792 2324 dulcia
819 2242 946 2322 alebat
969 2241 1103 2323 amor?
1150 2288 1154 2296 ·

50 2387 204 2464 Moesta
231 2385 355 2490 jacen,
381 2381 476 2460 tristi
499 2381 670 2491 perculsa
697 2415 720 2462 a
745 2383 893 2460 turbine
920 2383 1068 2480 luctus,

159 2519 244 2598 Ceu
271 2520 334 2630 qui
359 2517 534 2600 fulmineo
563 2537 684 2600 taetus
711 2523 871 2632 abigor
899 2537 1065 2632 stupet..

51 2665 158 2769 Quid
178 2681 303 2742 tamen
324 2678 365 2742 et
384 2659 577 2774 quereris?
604 2666 750 2746 mortali
770 2698 816 2747 an
836 2667 1186 2775 neruine-quidquam

157 2806 404 2913 Progeoitnm
431 2805 551 2883 dirum
578 2802 720 2912 sugerit·
742 2800 965 2884 interitum?

52 2959 114 3035 An
143 2958 259 3034 virtue
286 2981 360 3030 noo
387 2967 490 3030 aetra
516 2948 646 3059 petat?
672 2965 759 3030 suut
782 2953 948 3060 praemia
974 2949 1103 3047 caelo,

38 3176 43 3186 ,
155 3093 303 3172 Virtuti
329 3088 429 3168 haud
455 3089 565 3168 tellus
593 3103 678 3198 apta
705 3105 763 3166 eat
789 3091 858 3168 iota
884 3088 975 3168 luit.

51 3241 221 3346 Sceptra
248 3237 310 3314 diu
337 3235 456 3345 gessit
482 3236 675 3334 mortalia,
702 3233 865 3312 contulit
893 3209 1031 3330 ermae
1061 3285 1065 3292 -
1227 3306 1228 3310 ,

157 3379 302 3458 Stravit
326 3395 367 3456 et
394 3378 569 3456 adversos
596 3371 723 3453 Marte
750 3375 934 3454 fremente
963 3381 1118 3470 Duces3

50 3526 181 3632 thue
209 3525 328 3601 minae
356 3551 526 3619 cenaene,
553 3521 704 3628 Aquilae
733 3521 899 3598 victricia
925 3523 1032 3628 signa

155 3662 201 3756 ln
230 3663 342 3736 tacita
368 3659 476 3765 jussit
504 3658 641 3782 degere
671 3657 793 3734 clausa
820 3657 957 3756 domo,

49 3804 204 3885 Obruta
231 3833 301 3882 neo
328 3805 487 3902 misera,
512 3830 584 3878 nec
612 3817 714 3878 sorte
741 3801 839 3878 elata
869 3803 1031 3881 secunda

154 3951 365 4046 Vinceret,
392 3963 457 4026 aut
481 3963 614 4024 eontra
643 3946 796 4025 cederet
820 3949 1024 4056 impavido.

50 4097 219 4209 Ingeniis
248 4091 422 4203 patefecit
446 4095 544 4192 iter,
571 4092 758 4198 promovit
785 4107 826 4166 et
853 4107 1005 4198 artee,·

153 4237 336 4320 Excoluit
363 4239 487 4344 magui
513 4236 649 4343 templa
677 4235 839 4314 verenda
866 4237 967 4334 Dei,
