3004 5044
8 255 10 296 l

8 329 11 430 l
1103 363 1154 458 ιε
1224 335 1227 344 ’
1354 441 1361 454 ,

8 459 10 592 l
80 509 300 616 impreaeum
333 507 470 586 litteris
503 502 697 586 commode
727 503 892 614 legeret.
928 501 1094 582 Domum
1126 527 1204 580 non

8 593 12 688 l
81 648 291 754 exquirite,
316 645 382 722 red
408 644 495 724 ratio
520 642 671 752 propria
696 657 866 722 ornatam
893 637 1117 746 supellectile
1144 660 1204 718 ro·

81 789 175 890 luit,
210 807 252 868 et
287 787 595 899 quemadmodum
619 787 658 866 iu
684 787 825 865 vertitu
849 783 993 883 uultur,
1025 799 1066 861 et
1098 785 1205 871 deoa-

81 961 171 1032 rur,
203 925 256 1013 ita
279 937 319 1014 in
346 939 449 1016 vieto
473 934 701 1036 munditiae,
726 949 776 1013 ·et
799 929 1009 1045 elegantiae
1043 951 1205 1037 amator,

85 1077 318 1180 praesertim.
333 1076 480 1183 quaudo
505 1075 753 1185 propinquos,
778 1089 819 1153 et
844 1074 984 1152 omioor
1010 1099 1096 1152 auor
1123 1099 1207 1159 eon·

86 1211 188 1290 rivae
213 1210 390 1291 vocabat.
427 1212 631 1291 Caeterum
666 1210 745 1317 ipre
772 1209 847 1290 eibi
873 1239 1028 1318 parcus,
1061 1227 1104 1290 et
1129 1211 1205 1292 riui

85 1345 199 1428 lerme
227 1350 443 1451 abstemius.
479 1355 589 1464 Equo
622 1351 772 1462 gaviam
795 1366 879 1450 ert,
913 1350 979 1431 aed
1004 1350 1204 1460 praecipue

87 1496 246 1578 venandi
272 1524 402 1576 cauea.

82 1625 85 1630 ⁵
137 1643 229 1720 XL
257 1641 303 1720 ln
328 1639 492 1720 moribur
519 1656 644 1722 eutem
669 1643 793 1748 gravia
817 1640 1019 1751 imprimis,
1044 1670 1089 1722 ao
1106 1589 1208 1720 aaress
1280 1679 1281 1682 ¹

86 1813 150 1862 rur
174 1781 269 1882 luit,
301 1781 412 1889 idque
437 1779 565 1877 vulto,
597 1794 648 1882 et,
672 1781 818 1866 iuuetur
853 1779 966 1860 etiam
998 1779 1204 1862 referebat.

87 1923 143 1998 Aa
170 1947 252 1998 oum
277 1921 379 2029 loqui
404 1919 631 2029 incipiebat,
663 1933 769 2000 tanta
795 1919 975 1999 comitate
1002 1921 1075 2000 oria
1108 1947 1211 2000 rere·

87 2068 242 2146 ritatem
266 2065 526 2172 temperabat,
549 2077 593 2140 ut
614 2063 704 2141 nulli
728 2063 856 2164 laatui,
881 2064 949 2142 red
965 2077 1118 2142 naturae
1136 2061 1211 2140 cui·

89 2201 173 2282 dam
200 2231 287 2282 eure
313 2193 538 2308 gravitatem
556 2199 655 2278 illam
672 2198 773 2279 ultro
792 2201 1064 2310 adrcripeiaret.
1088 2203 1211 2282 Reve-

88 2373 131 2422 ra
158 2373 204 2420 ea
229 2339 414 2418 modeatia
438 2334 532 2440 luit,
556 2355 601 2418 ut
625 2340 663 2418 in
688 2341 735 2418 iia
759 2341 872 2450 iptio,
896 2339 935 2418 iu
962 2341 1093 2448 quibua
1110 2346 1214 2426 tutie-

89 2489 183 2564 rime
210 2481 280 2558 sibi
306 2473 420 2556 fidere
446 2493 612 2587 poterat,
637 2477 728 2558 alioa
754 2477 987 2582 consuleret,
1012 2509 1211 2594 eorumque
1261 2489 1265 2498 '

90 2655 129 2705 ae
153 2625 295 2734 judicio
319 2639 435 2704 totum
461 2625 708 2732 permitteret.
733 2623 876 2704 Verane
902 2622 1113 2702 enim‘ruor
1136 2649 1224 2702 non

90 2741 205 2844 modo
231 2763 382 2844 eruditio
406 2763 616 2846 bominibus
634 2765 813 2877 legendae
831 2765 967 2868 dabat,
992 2767 1058 2848 red
1083 2792 1213 2848 eorum
1293 2853 1296 2864 Ι

93 2907 276 2984 arbitratu
302 2905 538 3017 corrigebat.
573 2905 672 2985 Nulli
699 2906 970 3006 Arcademioe,
999 2921 1070 2986 aot
1095 2909 1214 2990 erudi·

93 3035 216 3134 torum
238 3058 384 3156 coetui,
409 3071 664 3167 praeterquam
682 3055 868 3136 Arcadico
888 3056 957 3136 rub
976 3057 1215 3138 nomineTri·

94 3201 184 3312 phili
204 3199 416 3311 Cephisidia
434 3191 595 3276 adscribi
611 3221 739 3303 partun
756 3208 830 3278 ert.
849 3199 945 3280 Erre
962 3203 1085 3302 euim,
1100 3227 1215 3309 quam

94 3348 236 3448 rideri,
262 3347 392 3424 doctua
411 3371 554 3453 remper
571 3343 718 3422 maluit.
744 3343 877 3453 Neque
896 3373 1066 3454 umquam
1085 3346 1132 3425 de
1152 3375 1217 3446 ae,

96 3503 135 3563 et
168 3487 216 3564 de
252 3487 398 3592 scriptia
425 3485 523 3584 auia,
556 3499 628 3562 aot·
644 3481 692 3562 de
717 3479 830 3564 rebus
862 3485 1056 3564 litterariia
1089 3483 1219 3596 (quod

96 3641 201 3704 certe
228 3623 443 3726 miraberis,
468 3622 618 3703 lenimur
644 3621 741 3698 enim
768 3618 816 3696 ad
840 3620 1065 3732 loquendum
1084 3627 1131 3708 de
1149 3627 1218 3724 iia,

98 3769 134 3843 in
162 3765 294 3873 quibua
321 3761 556 3860 excellimua,
581 3775 621 3839 et
643 3789 753 3869 caepe
779 3787 856 3838 noo
880 3762 959 3842 aine
991 3763 1217 3844 audientium

99 3911 244 3990 furfidio
277 3909 490 3988 modoetiae
510 3901 601 3986 linea'
625 3905 991 4017 praetergredimur)
1024 3911 1063 3988 in
1098 3908 1218 4019 quoti-

103 4048 218 4126 diania
251 4046 481 4128 convictibua
516 4075 732 4146 sermonem,
755 4043 875 4126 fauere
911 4045 1078 4144 nolebat,
1112 4039 1218 4150 quari

8 4293 9 4314 ,
103 4209 165 4272 aut
189 4194 392 4273 doctrinam
420 4221 520 4272 auam
548 4197 697 4272 omniuo
724 4193 868 4292 celare,
903 4211 967 4273 aut
1001 4223 1042 4270 ae
1071 4193 1119 4272 ad
1145 4219 1223 4270 oru-
