3014 5038
370 354 439 437 180

632 477 972 569 ELEG'IA
1024 486 1120 568 vlt.

401 777 466 854 Aa
495 776 689 852 Vrasrrun
715 772 863 848 Dmro
890 769 1026 844 Parra
1052 790 1131 840 mr
1157 773 1373 850 atarscro.

319 957 454 1146 Non
482 1055 563 1134 Ver
589 1049 801 1132 llorillerum
826 1049 946 1148 ridet,
973 1077 1048 1128 nou
1074 1077 1165 1126 aura
1191 1045 1342 1124 Favoni

421 1202 528 1292 Leuc
554 1199 630 1278 ciet
654 1197 783 1302 pennis
810 1221 971 1298 aequora
995 1193 1214 1301 purpureis,

320 1358 377 1434 At
402 1351 479 1429 sara
508 1347 708 1423 Idumaeos
734 1341 810 1416 tart
841 1344 905 1417 nix
932 1335 1058 1418 obruit
1082 1365 1216 1443 agros,

425 1487 673 1590 Jordanisqua
701 1483 779 1560 alto
806 1481 972 1560 constitit
997 1477 1094 1556 unda
1119 1478 1228 1586 gelu,
1258 1551 1264 1562 ,

321 1633 478 1742 Frigida
504 1646 544 1708 ut
571 1629 761 1736 hybernae
788 1626 983 1702 volvuntur
1010 1624 1130 1703 sidera
1152 1629 1300 1710 noctis:

425 1773 487 1849 Tu
514 1767 658 1875 gelidae
686 1766 851 1872 ingressa
877 1766 914 1840 in
942 1765 1094 1871 pumicis
1121 1765 1322 1870 hospitium

322 1917 385 1998 Ah
412 1914 556 2022 qualem
583 1941 736 2019 puerum
764 1910 886 2017 Virgo
914 1909 1032 2016 paris!
1060 1941 1083 1988 ο
1108 1911 1206 1988 hona
1233 1928 1375 2010 mater,

426 2057 550 2156 Quam
569 2049 721 2156 pulcher
733 2053 791 2146 (1)
811 2062 893 2123 tuus
912 2061 992 2142 ast,
1011 2074 1119 2152 quarn
1134 2075 1226 2154 pusr
1247 2047 1307 2125 hic
1326 2051 1445 2125 similia

321 2194 397 2275 Eat
423 2189 511 2288 tihi!
537 2215 613 2266 non
641 2203 741 2268 certe
769 2203 925 2266 matrem
952 2215 1060 2284 rora,
1086 2217 1161 2264 non
1188 2187 1423 2268 amaranthus

348 2331 349 2340 '
426 2331 622 2435 Purpureo
646 2328 777 2406 melius
803 2349 1022 2432 purpuream
1051 2353 1115 2402 ora
1141 2323 1282 2420 refert,

322 2475 468 2554 Parvus
496 2473 560 2550 uhi
585 2473 763 2580 explicuit
787 2475 887 2552 molli
916 2475 962 2551 de
989 2475 1131 2553 cortica
1157 2471 1337 2550 frontem.

428 2611 486 2690 Ut
512 2613 637 2718 capit,
664 2627 706 2687 ut
733 2628 870 2693 memet
894 2613 1044 2718 surripit
1068 2611 1130 2692 illa
1157 2611 1268 2707 mihi,

325 2748 414 2826 Huc
441 2747 529 2824 istos
555 2745 689 2824 blandi
717 2750 861 2853 quoties
889 2750 1072 2827 convertit
1100 2748 1255 2846 ocellos,

427 2890 547 2990 Queis
574 2891 683 2965 etiam
711 2905 835 2994 posset
860 2893 1008 2970 vincere
1036 2895 1109 2970 vim
1136 2893 1325 3002 chalybis,

325 3027 406 3102 Aut
432 3029 462 3101 si
489 3023 577 3128 quid
603 3023 761 3131 chalybe
788 3027 867 3132 ipso
896 3057 1046 3142 usquam
1074 3047 1162 3144 pote
1195 3031 1321 3111 durius
1349 3059 1441 3130 esse,

429 3165 575 3245 Vincor
601 3163 659 3244 io!
686 3180 809 3244 tantae
836 3165 932 3246 serre
959 3191 1101 3280 negant
1128 3174 1225 3252 oculi

327 3311 510 3394 Mortales
537 3309 627 3390 lucis
655 3307 846 3418 flagrantia
873 3315 1033 3422 spicula3
1059 3349 1173 3397 nosco

429 3451 599 3547 Numen3
626 3449 663 3526 in
691 3447 849 3528 humano
876 3481 1032 3558 corpore
1060 3458 1194 3564 quippe
1223 3461 1369 3560 subest,

328 3587 410 3665 Nee
436 3589 550 3666 taciti
578 3587 703 3693 prodit
728 3615 766 3662 se
794 3618 853 3665 se.
884 3588 1002 3668 Velut
1031 3592 1140 3674 obvia
1167 3595 1235 3672 soli

432 3735 559 3833 Quum
586 3759 624 3808 se
652 3759 692 3806 se
719 3747 784 3807 aut
807 3733 949 3830 nubes,
977 3749 1041 3810 aut
1067 3765 1180 3843 vapor
1208 3745 1397 3848 opposuit,

324 3905 849 3930 W

377 3979 422 4050 (2)
447 3967 522 4047 Pul>
535 3975 585 4045 ll·
608 3971 775 4066 511501'95315
787 3970 903 4117 1¹[orum
923 3995 1001 4056 prae
1013 3977 1099 4062 filiis
1122 3981 1280 4050 hominum
1302 3983 1437 4054 atulliss-

331 4059 442 4148 phorus
464 4069 562 4162 aptam
585 4053 695 4161 §alluat
719 4055 762 4118 hrs
809 4056 837 4118 b.
865 4081 889 4120 ι.
911 4083 972 4147 cap,
995 4069 1045 4139 40,
1075 4069 1289 4142 Persimr'liem
1323 4078 1439 4160 dem-que

328 4171 387 4240 per
408 4167 514 4211 omma
533 4145 612 4234 secut
632 4148 778 4224 divinae,
800 4159 831 4208 et
855 4150 1074 4218 imnmculatae
1097 4177 1175 4218 suae
1199 4161 1320 4226 Matri.
