3032 5034
377 347 450 423 228

321 486 471 592 Imperii
499 484 588 565 fines
615 485 811 592 provexit,
838 499 878 560 et
906 514 1014 563 annea
1044 485 1222 562 mnndum

422 633 530 735 Quae
559 647 735 730 teneant,
762 647 878 708 mater
903 631 1070 738 germine
1098 631 1218 707 multa
1247 629 1377 728 dedit3

317 768 549 875 Virtutisque
579 773 673 846 viam
700 799 858 880 suaper
885 769 1041 876 vestigia
1069 767 1161 844 vidie

420 909 588 1015 Carpere
617 938 692 986 non
720 937 873 1016 usquam
900 903 1093 986 deficiente
1122 905 1238 1012 pede.

313 1047 444 1149 Vidit,
471 1067 511 1127 et
538 1053 742 1157 ingenuos,
770 1047 864 1125 duee
892 1039 1178 1142 ee‚·florescere
1205 1067 1354 1137 mores,

412 1192 634 1268 Tartareum
662 1189 774 1298 pulsis
800 1187 838 1263 in
865 1183 1080 1264 barathrum
1109 1183 1229 1278 vitiis,

307 1335 363 1412 Et
389 1335 465 1412 late
492 1351 623 1442 gentes
650 1349 779 1442 optata
806 1335 843 1410 in
869 1313 963 1443 ¹pace
990 1329 1142 1435 reliquit

411 1481 586 1585 Ca'raque
614 1479 799 1589 longiquie
825 1507 985 1585 caraque
1011 1469 1190 1552 finitimis.
1259 1471 1262 1476 ’

306 1623 413 1732 Ergo
441 1625 532 1702 abiit
556 1644 697 1704 matura
725 1627 834 1738 polo,
862 1625 1110 1730 subvectaque
1137 1621 1232 1698 caeli

403 1765 562 1845 Vertiee
590 1766 752 1843 sidereas
781 1765 898 1841 visere
926 1765 1067 1872 gaudet
1095 1791 1208 1868 opes,

300 1905 404 2007 Quae
430 1933 500 1983 nec
526 1904 624 1982 bella
651 1908 798 2013 agitant
825 1901 1058 1980 discordibus
1083 1901 1194 2006 impia
1221 1901 1330 1996 telis„

399 2043 480 2122 Nec
500 2041 692 2143 fraudum,
711 2037 1423 2138 autscelerumturhatacer'bacoho'rs3
1443 2038 1449 2050 ’

292 2185 374 2265 Sed
400 2187 551 2265 stabiles
579 2188 656 2264 eine
683 2183 755 2264 fine
782 2201 956 2283 manent,
983 2183 1147 2288 lucisque
1175 2183 1314 2261 beatae

391 2325 521 2432 Usque
549 2354 646 2402 novo
673 2319 808 2402 effusae
835 2321 983 2402 flumine
1010 2326 1120 2404 dulce
1148 2325 1297 2432 vigent.

285 2469 369 2548 Illic
396 2469 504 2576 plena
533 2473 645 2572 Deo,
672 2471 899 2582 caelestique
925 2471 1054 2549 addite
1081 2485 1195 2548 coetu

386 2617 503 2694 Potat
527 2617 757 2695 inextinctae
784 2615 918 2725 gandia
946 2615 1133 2715 laetitiae3
1161 2646 1163 2654 ·

281 2751 428 2831 Nomen
454 2771 495 2832 at
521 2755 557 2831 in
585 2757 693 2832 terris
721 2757 884 2832 venienti
911 2753 1044 2831 clarius
1072 2781 1164 2829 aevo

381 2899 578 2978 Floreecet
601 2897 696 2976 sama
722 2899 774 2976 nil
800 2916 990 2977 metuente
1018 2903 1135 3002 mori3

280 3036 382 3142 Quin
410 3037 523 3114 etiam
551 3055 638 3114 ante
668 3037 758 3116 alios
783 3039 820 3114 in
849 3069 984 3146 magno
1012 3041 1178 3118 Caesare
1208 3045 1314 3124 vivet
1357 3037 1361 3042 ¹

380 3180 454 3260 Cui
481 3209 588 3290 apes,
615 3182 674 3260 cui
702 3195 778 3259 tote
805 3197 863 3260 eet
887 3197 1011 3263 nostra
1039 3185 1168 3266 relicta
1195 3190 1318 3272 aelus.
