3014 5038
362 374 435 452 »86

306 508 412 614 Quid
436 527 584 592 tantam
609 515 648 592 in
676 513 828 622 pulchra
853 511 926 596 tibi
950 539 1055 594 meos
1091 523 1218 622 etopet
1241 501 1441 590 Hernica?

406 649 528 730 Certe
554 664 612 728 eat
636 665 676 728 et
700 650 848 730 roboldo
873 665 962 732 nota
986 648 1082 752 tibi,
1108 663 1151 728 et
1177 651 1368 760 geuitaixa

303 792 363 872 Ac
387 791 489 872 velot
512 792 669 874 Eridani
695 795 808 905 ripie,
834 813 899 874 aot
926 797 1017 876 Aria
1042 796 1187 874 circam
1289 821 1292 826 ·

404 935 600 1038 Flumina,
626 938 739 1018 vieini
765 940 936 1018 consciae
959 939 1160 1038 interitus,

300 1084 457 1166 Laetior
481 1083 688 1194 ingeminat
710 1083 875 1193 jocondo
903 1097 1060 1191 gutture
1087 1095 1219 1164 cantos

378 1227 522 1308 -Alboa
549 1227 655 1325 olor,
680 1241 860 1306 resonant
887 1241 928 1303 ct
953 1255 1108 1306 nemora
1134 1241 1175 1304 ct
1201 1225 1342 1304 ciliae:

300 1371 361 1448 To
388 1391 535 1474 quoque
561 1364 615 1442 sic
641 1367 794 1445 nimium
819 1362 907 1443 felix
932 1363 1007 1470 jam
1033 1377 1155 1472 morte
1184 1363 1253 1442 rob
1280 1365 1365 1470 ipoa

401 1501 576 1584 Fatidica
602 1505 650 1584 ad
676 1531 806 1582 suaves
834 1533 899 1581 ora
925 1501 1056 1581 modos
1083 1502 1223 1610 aperiat

304 1645 463 1732 Scilicet
486 1647 586 1728 haud
612 1643 727 1728 vitam
753 1653 812 1746 (t)
837 1643 1043 1756 producere
1070 1643 1215 1752 longiae
1242 1658 1381 1752 optas,

404 1790 529 1892 Quom
553 1787 628 1892 jam
654 1783 858 1894 pollicitam
884 1785 1020 1865 viderie
1047 1783 1216 1864 aetherio

302 1926 454 2007 Semina
481 1925 720 2033 progeniem,
745 1935 911 2001 noetrom
939 1951 1033 2030 quae
1061 1924 1239 2032 sanguine
1260 1923 1402 2000 crimea
1483 1911 1486 2096 ι

401 2069 535 2167 Eloet‚
561 2084 603 2145 et
629 2065 894 2147 claro'lomine
921 2067 1128 2146 diecoticoe

224 2287 238 2312 ,
297 2217 457 2296 Noctem
483 2229 624 2318 atram,
650 2215 724 2294 late
741 2243 915 2323 magnum
941 2243 1035 2321 quae
1062 2243 1187 2324 epar-ea
1212 2246 1278 2327 per
1296 2219 1422 2298 orbem

398 2359 580 2438 Mortales
605 2359 739 2439 miserie
764 2359 870 2470 nigra
896 2362 994 2442 ecies
1020 2359 1198 2458 hebetat,

301 2491 597 2604 Ploranteeqoc‚
623 2525 834 2610 vagosque,
861 2517 902 2580 ct
927 2511 1056 2578 tantae
1082 2497 1173 2578 locis
1200 2517 1357 2611 egentes
1486 2527 1487 2604 ᾗ

397 2637 478 2718 Noe
505 2639 620 2718 docet
645 2637 773 2716 eedem
799 2637 1032 2718 Coelicolum
1059 2640 1097 2716 io
1125 2669 1322 2750 superam,

297 2773 385 2856 Ulla
410 2805 481 2858 nec
508 2805 650 2856 occano
675 2775 783 2856 tellus
809 2791 978 2856 extrema
1005 2776 1127 2858 relato

397 2919 502 3000 Illioe
528 2946 568 2996 ae
594 2949 635 3000 ae
660 2919 859 3000 subtrahet
882 2951 904 2998 a
930 2919 1064 3003 radiis.
1239 3029 1241 3036 ,

296 3061 351 3138 At
376 3085 469 3165 quoe
495 3073 539 3136 to
564 3083 746 3139 memorat
772 3055 895 3144 luctae
922 3056 1011 3169 (2)?
1045 3095 1139 3174 qoae
1166 3066 1246 3144 dira
1273 3069 1415 3174 parenti

397 3193 617 3306 Supplicia?
640 3225 736 3280 anne
763 3201 856 3282 ullae
881 3218 957 3280 tam
982 3199 1081 3280 leros
1109 3203 1304 3303 extiterit,

297 3335 374 3444 Qui
398 3363 475 3416 ooo
501 3337 680 3450 depereat
703 3368 881 3449 pueram,
907 3347 969 3452 qui
993 3343 1118 3422 mollia
1144 3345 1277 3422 matria

394 3483 648 3596 Tranaadigat
672 3483 772 3566 leaeo
799 3503 954 3594 pectora
979 3483 1172 3568 luctifico?

296 3631 358 3710 ah
382 3649 622 3736 mamaeae,
648 3633 793 3746 Virg03
818 3635 891 3715 tibi
913 3636 989 3744 jam
1015 3635 1172 3744 pignora
1197 3633 1324 3712 reddit

291 3809 840 3841 mun-

378 3879 424 3950 (ι)
447 3879 577 3958 Accepit
596 3897 669 3938 eum
691 3881 724 3938 in
747 3879 840 3941 ulnas
863 3901 963 3958 suas,
995 3894 1027 3943 et
1046 3879 1205 3943 benedixit
1226 3883 1352 3956 Deum,
1382 3891 1410 3940 et

287 3963 375 4024 dixit
392 3982 424 4028 a
448 3963 541 4024 Nunc
562 3965 692 4024 dimittis
714 3985 838 4030 servum
859 3981 946 4034 tuam
967 3971 1100 4031 Domine
1122 3981 1177 4033 etc.
1198 3971 1270 4032 Luc
1281 3989 1343 4054 cap.
1356 3991 1381 4030 a.

377 4057 424 4127 (a)
448 4053 534 4114 Ecce
553 4053 676 4134 positas
697 4066 745 4114 est
765 4053 823 4121 laic'
838 4059 870 4118 in
894 4059 1091 4122 ruinam....
1112 4073 1143 4122 et
1163 4063 1196 4119 io
1219 4063 1344 4140 signam
1363 4057 1412 4118 coi

287 4139 533 4217 contradicetur,
555 4155 587 4203 ct
607 4153 694 4202 tuom
715 4144 815 4225 ipsius
836 4147 977 4208 animam
995 4148 1195 4230 pertransibit
1214 4147 1344 4229 gladius
1359 4155 1409 4208 eta

288 4225 360 4287 Lao.
380 4225 481 4290 eodem
503 4249 563 4316 cap.
587 4253 615 4294 a.
