3032 5034
368 331 443 409 238

395 443 467 555 ¹Ni
492 473 581 558 mibi
607 491 683 556 tute
709 477 807 560 furer
833 479 1209 590 duanc·ccmerque
1238 477 1324 556 riae

313 621 440 698 Annus
466 621 505 698 in
531 637 698 701 montes.
726 626 811 706 Tua
835 653 903 734 per
928 624 1088 734 vestigia
1113 622 1250 702 durum

418 763 599 846 Cenabat
625 766 795 850 tremulis
821 769 969 850 uincere
995 768 1067 846 iter
1092 765 1253 880 pedibus
1491 717 1497 826 l

310 907 508 988 Paullatim
533 907 717 1024 adrepens
743 911 792 991 ud
817 913 1036 1022 Hyanteunr
1065 913 1316 1010 Parnassum,

412 1053 610 1162 Antraque
637 1054 892 1166 Nympharum
918 1055 1067 1162 garrula
1094 1056 1347 1134 carminibus.

298 1187 348 1268 '0
374 1187 502 1271 antra!
529 1221 552 1268 o
579 1191 764 1272 Helicon!
790 1219 813 1270 u
840 1188 990 1274 flumina
1016 1191 1170 1276 sancta!
1196 1197 1279 1301 quir
1306 1197 1411 1274 inter
1493 1129 1497 1280 l

410 1343 602 1422 Musarum
628 1339 741 1417 sistat
766 1365 825 1416 me
853 1338 1026 1448 cupidum
1054 1333 1235 1446 thyrsos?

306 1483 435 1562 Lauro
462 1485 545 1593 quis
570 1482 728 1563 frontem
755 1481 884 1592 cingat
908 1477 1163 1562 Permesside?
1190 1511 1256 1560 vus
1284 1513 1310 1560 c

409 1620 604 1728 Huueper
622 1645 715 1726 ego,
732 1620 886 1719 Mure,
906 1619 1107 1730 deprecor,
1124 1621 1222 1701 hunc
1242 1623 1441 1719 comitem,

305 1757 380 1864 Qui
409 1756 520 1834 lateri
545 1757 715 1855 adsistit,
742 1785 815 1868 quc
843 1787 917 1836 nun
943 1759 1031 1836 mihi
1058 1760 1178 1838 curius
1206 1757 1329 1856 alter,

406 1905 496 2005 Quo
523 1929 701 2012 nusquam
730 1900 835 1980 rolris
857 1901 959 1982 alter
985 1901 1200 1999 amabilior,

303 2041 474 2149 Accipite
501 2043 706 2150 ingressum
731 2066 791 2120 me
819 2055 962 2118 restrae
989 2041 1025 2120 in
1054 2039 1328 2138 iminundis,

386 2187 462 2268 ‚En
485 2187 576 2270 milti
607 2187 774 2270 Castalia
798 2189 943 2298 cingite
970 2185 1101 2266 lrcnde
1127 2212 1274 2264 cumas.

300 2323 381 2404 Neu
410 2341 543 2418 tamena
563 2327 641 2432 ipse
668 2328 784 2404 ausim
803 2324 1006 2436 deposcere
1026 2327 1212 2436 praemia,
1239 2353 1338 2431 qnae
1363 2329 1435 2431 jans
1496 2385 1497 2436 p

402 2469 498 2568 luis,
524 2484 564 2546 et
588 2468 745 2580 algentis
771 2469 848 2548 risa
874 2467 945 2546 sub
971 2496 1040 2550 axe
1068 2467 1144 2578 puli

298 2613 387 2689 Vati
418 2577 565 2696 Anium
592 2642 657 2694 suu
676 2623 736 2714 (ι)
763 2611 917 2711 retulit3
945 2609 1002 2693 uel
1030 2641 1125 2720 qnae
1152 2611 1260 2692 dabit
1286 2613 1337 2690 illi
1355 2626 1430 2712 (2).

402 2751 600 2864 Calliope,
626 2753 875 2862 Hesperidum
905 2752 967 2858 qui
994 2779 1149 2830 nemora
1175 2765 1215 2826 et
1240 2750 1366 2861 aplius
1488 2743 1497 2814 ἑ

297 2894 443 2972 Felices
471 2899 570 2976 citru
596 2898 718 3004 sylves
745 2929 898 2980 nemum
925 2930 1036 2980 aurea
1063 2915 1193 2980 cantat

398 3035 490 3112 Arni
516 3031 673 3116 dilectus
700 3034 878 3140 Najasin,
904 3067 948 3116 uu
974 3037 1128 3120 Tiberis
1155 3038 1236 3139 (3):

293 3170 381 3251 Nou
408 3171 537 3251 itidem
565 3203 657 3285 quae
684 3173 802 3280 digua
823 3192 975 3254 manent
1000 3191 1037 3255 te
1064 3177 1186 3276 duna,
1214 3177 1374 3260 Lucreti

399 3309 475 3390 Cui
501 3307 627 3412 furor,
653 3329 693 3392 et
720 3311 848 3395 dulces
875 3309 1026 3428 Virgilii
1054 3343 1233 3414 veneres,

291 3453 346 3535 Et
372 3452 495 3558 bona,
521 3485 616 3570 quae
642 3457 787 3572 mugnis
813 3457 880 3541 dat
906 3461 1060 3571 sparsim
1085 3489 1170 3542 rura
1196 3464 1329 3574 politis

294 3681 781 3711 *ψ-ιιυ-μ-ι--ῃ

379 3757 425 3828 (ι)
450 3749 573 3817 Carolus
600 3753 739 3818 Nucetiur
765 3757 798 3820 S·
815 3759 847 3824 J.
867 3753 993 3842 vulgarit
1009 3755 1072 3822 dnu
1094 3755 1241 3845 praeclara
1271 3769 1426 3847 perusin,

285 3839 409 3902 alterum
430 3835 467 3898 de
488 3840 594 3915 Iride,
616 3839 740 3904 alterum
763 3841 800 3903 de
821 3848 949 3911 Aurora
971 3849 1114 3911 Borealt‘.

374 3933 419 4004 (2)
442 3923 586 3987 Antonius
607 3925 778 3996 Ambrosius
801 3932 831 3996 S.
853 3939 881 3996 J.
903 3933 991 4002 habat
1011 3935 1042 4002 itt
1065 3935 1198 4002 manlbut
1220 3945 1332 4025 puerum
1363 3961 1424 4028 per.

283 4035 372 4109 qnam
394 4009 506 4096 elegans
528 4017 567 4089 de,
589 4015 674 4082 cultu
698 4021 864 4088 citrortmr.

373 4101 417 4180 (3)
441 4099 584 4187 losephur
606 4101 796 4170 Mazzolarius
819 4112 850 4174 S.
872 4113 900 4174 J.
921 4111 1089 4200 propediem
1113 4111 1248 4178 editurus
1274 4131 1322 4184 est
1344 4119 1424 4186 iulu-

282 4205 345 4253 cent
367 4197 470 4281 poema
493 4211 559 4254 anne
581 4189 761 4260 luculentum
784 4201 823 4262 de
845 4205 876 4263 νί
896 4201 1063 4267 electrica.
