3032 5034
381 402 452 480 ¹9²

430 518 514 592 Jam
543 531 649 586 soror
676 491 816 580 at'ratos
844 493 952 572 obvia
978 484 1103 594 jungit
1132 471 1280 586 equos,

327 665 546 764 inducitque
575 651 669 762 polo'
688 643 835 738 stellas,
863 664 955 745 quae
981 633 1093 708 triste
1121 627 1327 702 micantes·

429 801 461 876 1²
464 823 617 875 unereas
644 786 808 864 referunt
835 789 943 853 noete
971 769 1105 845 silente
1133 761 1260 838 iaces.

328 947 429 1055 Quid
457 931 602 1020 mater?
629 959 748 1041 quae,
775 920 859 1000 'dira
886 921 970 991 sn'us
999 921 1092 1018 quot
1119 901 1281 1007 vulnera*
1303 911 1417 972 natus

435 1093 605 1196 Corpore
632 1071 781 1168 hab'er,'
798 1063 956 1145 totidem
984 1055 1107 1134 saucit
1136 1047 1252 1126 sentit
1281 1065 1410 1118 amans

333 1223 492 1314 Cuncta¹
512 1225 584 1304 suis
611 1217 792 1323 impressa
813 1206 925 1281 lonis.
949 1199 1072 1273 ‘Amor
1098 1183 1237 1264 insidet
1263 1178 1340 1274 ilii,

436 1371 489 1446 Et
512 1365 617 1439 laevo
645 1359 682 1432 in
708 1352 863 1425 miserae
892 1334 1027 1442 sculpit
1054 1343 1162 1406 atrox
1189 1321 1307 1396 latere

335 1507 553 1590 Exanimem
581 1494 660 1572 nati
686 1483 867 1594 effigiem,
893 1477 1044 1578 teloque
1073 1477 1230 1546 cruento

438 1641 559 1746 Ipsius
588 1657 699 1736 usque
727 1627 865 1702 instans
885 1629 1050 1723 ''pectora
1077 1598 1315 1704 transadigit.

337 1789 499 1864 Ferreus
527 1771 593 1852 ah!
620 1766 721 1848 certe
749 1776 826 1855 est,
854 1771 894 1831 et
920 1749 1021 1826 ferro
1046 1741 1172 1820 durior
1199 1736 1287 1830 iile,

442 1905 518 2023 Qui
545 1926 689 1987 tantam
717 1899 812 2010 potis
839 1905 897 1968 est
921 1911 1074 1967 cernere
1101 1877 1310 1958 saevitiem.

343 2071 488 2158 Parce,
516 2063 655 2151 Amor,
680 2079 704 2126 o
732 2043 860 2152 quovis
887 2031 1070 2114 crudelior
1097 2025 1230 2119 hoste,
1257 2047 1385 2096 secare

443 2191 627 2282 Multifido
654 2191 834 2266 innocuae
862 2171 1030 2278 Virginis
1059 2193 1145 2242 ense
1173 2163 1312 2238 sinum.

343 2352 445 2428 Eece
473 2369 560 2418 suae
587 2340 623 2412 in
649 2329 780 2408 matris
806 2319 990 2401 nescisse
1019 2326 1176 2422 pectore
1204 2317 1359 2412 gnatus,

447 2479 519 2560 Illa
545 2472 657 2550 refert
674 2467 758 2572 *nati
786 2463 937 2540 vulnera
964 2471 1130 2562 quaeque
1159 2446 1241 2540 sui3

349 2618 504 2701 Sauciat
532 2628 640 2718 atque
668 2631 801 2715 pareus
828 2613 1006 2706 gnatum,
1033 2603 1240 2697 gnatusque
1262 2591 1459 2686 parentem,

452 2752 557 2828 Alter
583 2763 625 2824 et
652 2742 803 2821 alterius
832 2734 967 2843 pendet
992 2727 1039 2806 ab
1066 2739 1301 2802 oretanren.

349 2895 533 2978 Numnam
560 2887 673 2962 etiam
702 2876 855 2958 audebit
883 2871 958 2950 uari
984 2864 1228 2944 moestissima
1254 2858 1375 2960 Virgo

455 3029 629 3110 Perfsrre
658 3041 865 3103 extremum
893 3015 1058 3124 pignoris
1079 3001 1300 3086 interitum?
1407 3065 1408 3070 η

356 3181 515 3287 Ipsaque
541 3163 929 3279 frigidulos'manibus
957 3183 1179 3264 componere
1209 3149 1371 3246 ocelios,
1416 3129 1417 3132 Ἴ
1492 3169 1493 3208 r

458 3327 598 3435 Sparso
625 3332 665 3394 et
690 3313 908 3422 sanguineus
936 3322 1084 3412 tergere
1113 3301 1214 3376 criue
1243 3288 1380 3372 notas?

357 3469 458 3548 Hine
486 3459 555 3542 ah!
583 3457 674 3536 cede
702 3449 850 3566 propul:
878 3445 984 3554 gnati
1011 3443 1108 3518 latus
1136 3433 1281 3542 impulit
1307 3431 1409 3508 haste

461 3606 594 3704 Miles,
623 3617 663 3677 st
690 3611 815 3676 aerata
841 3587 991 3697 cuspide
1017 3613 1084 3664 cur
1111 3580 1293 3660 terebrat.

360 3749 420 3828 Ah
446 3747 575 3857 procul
601 3745 687 3820 hine
713 3735 898 3819 concede:
928 3760 949 3808 a
975 3757 1087 3838 parra
1113 3723 1273 3846 Virginp
1301 3721 1386 3798 novi

458 3885 763 3996 Magnanimum
792 3875 857 3954 sed
884 3899 978 3982 quae
1004 3866 1164 3946 maxima
1189 3865 1261 3970 jam
1293 3862 1410 3970 potuit
1492 3919 1493 3972 p

364 4029 485 4123 Esse,
509 4023 579 4100 snit
605 4018 741 4095 virtus:
770 4010 874 4090 simul
901 4011 979 4116 ipsa
1001 4007 1167 4083 animam
1190 3985 1385 4082 'onustatis

470 4169 569 4249 Cum
596 4175 712 4253 nato,
739 4161 816 4266 ipsa
843 4151 953 4233 cades
980 4150 1079 4232 vieta
1106 4143 1235 4224 dolore
1265 4142 1383 4221 simrd.
1436 4159 1439 4172 ·
