3032 5034
1072 411 1141 486 2¹7

173 529 356 631 Labitur,
385 561 427 608 ae
456 531 601 639 placido
629 535 774 640 gurgite
803 533 935 606 sternit
961 559 1091 636 aquae.

53 673 174 770 Quid
204 703 285 750 cum
313 675 408 750 idem
439 676 606 756 exultans
634 669 806 751 lascivit?
832 701 899 750 ceo
928 672 1065 746 vitreus
1093 673 1171 746 lons

171 818 307 892 Natirrt
334 823 432 927 rupis
461 821 608 928 prosilit
636 851 655 894 e
684 821 829 896 latebrd

49 951 194 1027 Suara
224 981 382 1050 sonans,
411 959 777 1063 prouoqoerolutoa
807 965 947 1038 vertice
975 961 1131 1067 praebet

169 1097 345 1175 Solamen
374 1101 519 1206 gelidos
548 1103 655 1182 dulce
684 1105 764 1182 citis
792 1105 945 1206 lutices3

48 1233 234 1310 Inclusus
264 1239 418 1314 Domini
447 1239 589 1316 aridulo
617 1239 675 1317 vel
703 1241 825 1318 divitis
854 1244 966 1322 horto

167 1371 320 1448 Florum
349 1391 450 1452 aestu
478 1378 515 1452 in
544 1379 667 1454 medio
697 1383 864 1486 germina
891 1381 1009 1458 hiulca
1039 1383 1162 1488 rigat,

51 1515 341 1622 Puniceamque
355 1549 491 1616 rosam,
503 1521 705 1628 violaeque,
726 1541 764 1600 et
777 1521 922 1601 mollem
942 1523 1195 1632 hyacinthum,

166 1659 494 1766 Nympharumque
522 1665 636 1741 decue
664 1668 737 1743 titia
768 1671 1092 1780 Hamadryadum.

50 1801 165 1900 Quid
196 1801 341 1900 dicam,
369 1823 411 1880 ut
438 1809 611 1884 Thuscae
640 1812 831 1915 purissima
860 1817 996 1894 lomina
1023 1821 1195 1927 linguae,

135 1945 457 2052 ·Omnigenisque
486 1949 589 2055 lepor
617 1955 727 2030 mirus
756 1958 852 2032 inest
877 1959 1067 2039 numeris?

49 2089 160 2187 Quid
178 2089 335 2186 dicum,
365 2110 405 2168 ut
434 2101 575 2173 eunctis
604 2128 668 2173 oua
697 2099 794 2177 lecta
824 2108 1001 2184 vocabula
1033 2115 1165 2212 relius,

163 2235 335 2314 Grandia
363 2235 591 2348 magnificia,
619 2250 740 2329 tenuia
769 2265 807 2324 ct
834 2254 996 2358 exiguis3

48 2388 242 2490 Quaeque
271 2413 337 2458 sun
366 2404 405 2462 ut
434 2387 574 2496 fulgent
604 2395 687 2499 apt'c
718 2391 860 2498 perfusa
890 2397 1038 2498 colore,

160 2525 342 2628 Quaeque
372 2541 413 2599 ut
441 2529 566 2603 nativo
594 2527 729 2606 lumine
759 2535 889 2610 amicta
919 2535 1090 2640 placent-'i

49 2669 108 2739 Aa
135 2695 354 2772 quamquam
385 2669 569 2774 eloquium
600 2673 734 2750 formae
762 2677 814 2752 ita
845 2697 965 2756 verset
998 2685 1034 2762 in
1064 2715 1188 2764 omnes

159 2803 335 2902 Jndicio‚
363 2823 402 2880 et
426 2805 573 2914 linguae
602 2809 727 2888 fraena
754 2815 891 2894 diserta
921 2835 1052 2926 regat,

48 2932 356 3046 Eisnndeorque,
377 2973 641 3052 premensque3
663 2967 786 3028 tamen
808 2984 881 3032 non
910 2959 965 3035 his
986 2989 1057 3066 ego
1076 2962 1185 3038 rebus

158 3077 241 3154 Jaru
271 3081 413 3184 capior,
442 3111 550 3186 quam
578 3085 677 3190 quod
698 3091 810 3166 corda
832 3093 1017 3174 hominurn
1039 3102 1185 3206 penita,

50 3215 308 3320 Naturamque
322 3247 491 3318 omnem,
511 3221 774 3332 latebrasque,
795 3247 909 3336 atqne
920 3236 1048 3311 intima
1059 3265 1183 3332 sensa,

156 3359 429 3467 Vestigatque,
458 3367 534 3438 acri
562 3382 602 3440 et
630 3370 781 3444 discutit
807 3375 975 3476 ingenio.

47 3505 145 3579 Nam
176 3509 264 3607 pnrd
292 3537 360 3581 eeu
389 3509 587 3614 crystalio,
614 3538 681 3585 ceu
711 3513 804 3586 laevi
833 3516 1045 3614 orichalco,

156 3647 268 3724 Lucia
297 3651 356 3724 ubi
386 3651 556 3728 aureolos
585 3654 773 3758 accipiunt
803 3656 951 3757 radios,

46 3783 185 3860 Omnia
214 3801 290 3862 tam
320 3791 420 3866 clere
448 3805 537 3866 ante
566 3794 692 3870 oculos
720 3797 905 3877 rutilantia
935 3829 1072 3901 cerno,

152 3930 319 4006 Condita
350 3963 443 4039 qnae
473 3939 508 4012 in
538 3967 651 4015 eoeea
680 3968 737 4014 me
767 3939 911 4020 latuere
941 3951 1081 4023 anima.

44 4071 143 4150 Tum
174 4103 232 4148 me
263 4080 497 4182 contempior
524 4098 668 4179 totum,
697 4105 894 4193 partesque
924 4111 1095 4197 peractae

148 4215 255 4288 Dum
288 4217 406 4310 ritae,
435 4239 739 4325 morumque9-et
770 4229 881 4300 studii
910 4231 1084 4304 omnivoli
