3014 5038
356 341 423 418 132

530 483 1047 568 Epls'ratn
1120 493 1192 572 lv.

577 773 670 848 'Ad
685 775 934 850 Barmdictum
961 774 1119 871 Scayum
1240 779 1245 791 “

451 911 583 986 Virum
604 911 669 992 CL,
684 927 802 1022 atque·
817 911 1000 1009 Amatae.
1027 915 1271 991 Pmesulcm.
1331 964 1334 974 ·

299 1083 390 1270 O
420 1187 483 1292 qui
510 1188 731 1268 Nestoream
758 1216 833 1266 nun
860 1189 974 1294 longa
1002 1203 1130 1272 aetate
1158 1203 1374 1285 senectam,
1487 1237 1488 1276 ι

296 1331 375 1408 Sed
404 1329 521 1407 multa
548 1333 713 1432 virtute,
738 1364 783 1410 ae
810 1333 946 1413 mentis
973 1333 1166 1429 acumine,
1194 1331 1317 1438 Stay,

293 1481 427 1588 Longe
456 1477 669 1576 antecellis,
695 1505 781 1556 num
808 1476 912 1558 sorte,
931 1476 1086 1556 videbor
1112 1479 1278 1584 ineptus,

292 1621 357 1696 De
385 1617 509 1724 lingua
535 1630 659 1694 tecum
686 1616 719 1692 si
742 1613 849 1694 labor
877 1613 1165 1722 pausalatina't'

292 1754 416 1859 Hujus
443 1769 486 1830 tu
514 1755 672 1834 antistes
698 1755 845 1834 eunetis
872 1757 1144 1862 praestantium
1171 1757 1207 1832 in
1237 1786 1366 1863 (ruem,

289 1906 339 1986 Ni
364 1901 519 1994 ridenda
545 1901 642 1982 soret
666 1901 855 1984 sententia
881 1900 1196 2012 Pitlragoraer‘rm,
1487 1913 1488 2004 l

290 2041 540 2148 Grandiloqui
566 2044 744 2152 migrasse
772 2045 1026 2150 animamque,
1053 2043 1242 2150 ipsumque
1263 2043 1411 2118 Lucreti
1485 2081 1488 2182 1

290 2191 455 2271 Credam
476 2190 586 2270 animi
605 2189 799 2268 ardorem.
830 2187 998 2294 Namque
1020 2199 1060 2264 ut
1077 2187 1260 2296 quondam
1282 2189 1338 2264 ille
1357 2217 1410 2260 cn·

390 2359 544 2428 ronam,

288 2464 402 2546 Unde
429 2468 530 2574 prius
557 2467 645 2543 nulli
673 2467 843 2545 velarunt
869 2481 1038 2574 tempora
1065 2493 1213 2562 musae,

287 2609 441 2690 Detulit
469 2641 516 2689 ex
542 2611 727 2689 Helicone
753 2613 952 2708 intactam,
978 2610 1167 2716 ingressus
1194 2609 1232 2684 in
1261 2607 1383 2684 hortus

289 2755 414 2834 Suave
442 2753 655 2832 exhalantes
682 2754 860 2863 Epicuri3
885 2755 936 2834 ita
964 2755 1082 2830 victor
1109 2769 1148 2829 et
1173 2753 1250 2860 ipse

286 2899 452 2977 Cartesii
479 2899 639 3007 placita,
666 2917 707 2977 et
733 2899 899 2978 Neutoni
926 2899 986 2977 dia
1012 2919 1161 3007 reperta
1485 3011 1486 3028 χ

284 3037 405 3114 Ausus
431 3065 471 3113 es
497 3036 535 3114 in
563 3066 714 3152 resonas
741 3039 918 3118 Parnassi
946 3037 1129 3124 extollere
1157 3040 1286 3136 sedes,
1484 3083 1486 3186 Α

285 3171 474 3280 Spargere
501 3173 640 3250 musaei
667 3174 720 3249 siu
746 3173 846 3250 dulci
874 3190 914 3251 et
941 3179 1107 3254 nectaris
1134 3177 1293 3276 haustu,
1483 3207 1485 3246 ι

282 3311 347 3390 Nil
375 3326 416 3387 ut
439 3309 620 3409 lucidius,
646 3311 699 3388 nil
726 3341 807 3389 esse
835 3315 1050 3405 venustius,
1078 3331 1118 3391 et
1143 3315 1195 3392 nil
1484 3295 1485 3298 Ἴ

281 3449 474 3532 Grandius
502 3463 542 3526 ut
567 3451 704 3561 possit.
734 3453 861 3555 Quare
889 3449 1095 3529 immortale
1122 3453 1290 3530 manebit

280 3597 335 3676 Et
361 3599 498 3696 (lesus,
524 3615 565 3675 et
591 3629 726 3676 nornen
753 3627 922 3710 semper,
948 3599 1004 3674 tui
1033 3613 1074 3675 et
1100 3597 1239 3706 inclyta
1265 3597 1364 3676 santa

280 3733 427 3840 Ingenii
455 3734 635 3812 volvenda
662 3738 780 3813 omnis
807 3736 1003 3814 mirabitur
1029 3751 1153 3814 aetas:

283 3883 384 3961 Cum
410 3877 483 3955 tibi
511 3879 725 3984 praesertim
753 3879 890 3982 gemini
918 3877 1085 3984 plausere
1113 3879 1253 3956 diserto

280 4023 532 4118 Clementes,
559 4035 673 4124 atque
701 4021 778 4126 ipse
805 4021 922 4120 Pius,
950 4052 1024 4128 quo
1051 4025 1175 4104 Romu
1204 4025 1391 4132 superbit,

277 4168 421 4248 Peste
449 4161 649 4242 transmitti
677 4189 742 4240 sua
768 4163 862 4239 scite
891 4163 1040 4242 oracula
1067 4165 1231 4268 gaudet.
