3032 5034
404 331 481 412 256
500 341 502 348 ’

350 478 459 582 Quse
484 478 589 584 potui
616 477 781 586 reperire
809 493 961 578 tomen,
987 503 1107 586 psnon
1134 477 1289 584 sccipe3
1317 505 1439 556 verum

452 615 511 694 Ne
537 612 696 714 librum,
723 616 889 714 caveris,
914 615 1036 724 turpis
1063 611 1324 694 dedecorent.

527 914 592 992 An
622 915 805 992 nom
837 909 1106 992 Wrmnwu
1132 909 1305 1013 Anglum
1354 952 1359 961 ·

667 1053 830 1155 Rugusir'
852 1065 1166 1126 commorantem.

346 1201 513 1306 Accipe,
540 1195 765 1296 Wutlsinsi,
792 1195 1007 1304 Zsmsguce
1035 1192 1227 1291 carmine,
1254 1205 1297 1267 et
1323 1191 1423 1268 inter

448 1343 635 1424 Redditus
663 1342 893 1452 Angligeuos
920 1342 969 1418 sis
995 1367 1137 1418 mernor
1164 1337 1345 1446 Illyriae,

345 1485 480 1588 Quae,
498 1482 665 1600 quemvis
684 1477 841 1588 squallet
855 1478 1007 1558 deserta
1027 1477 1325 1586 ntquehorrida,
1347 1481 1474 1590 Grsjsr

447 1621 533 1699 Non
560 1619 705 1718 minus,
731 1633 770 1694 el
795 1617 929 1696 Latias
955 1617 1110 1725 suspicit
1136 1618 1331 1718 Aonides,

343 1763 476 1867 Teque
504 1761 621 1836 elisur
647 1757 799 1858 loudsl,
834 1785 944 1864 quern
972 1757 1090 1865 primo
1118 1757 1155 1834 in
1183 1753 1276 1836 llore
1306 1759 1469 1865 jureum

445 1895 678 2002 Omnigenns
705 1913 806 1974 artes
833 1899 912 2006 ipss
939 1901 1111 1978 Minerva
1138 1897 1273 1975 docel.

765 2035 833 2112 Ad
857 2036 1049 2112 eumdem.

341 2179 427 2258 Non
455 2193 497 2254 sn
525 2177 694 2256 discedes
722 2179 845 2278 solus,
871 2205 998 2254 rernm
1027 2179 1161 2256 ibimus
1188 2181 1285 2276 und,

445 2325 665 2422 Wallsinsi,
692 2337 732 2402 el
752 2353 826 2430 quc
845 2339 909 2422 te,
935 2353 1004 2400 nos
1031 2350 1180 2430 qnoque
1207 2337 1345 2402 ventus
1373 2341 1466 2432 egel.

339 2459 435 2542 Nem
464 2491 699 2572 quocumque
727 2461 823 2562 ibis,
849 2477 890 2540 re
918 2489 1064 2569 semper
1090 2477 1219 2538 nostra
1248 2482 1450 2571 sequentur

444 2571 572 2700 Virro,
599 2629 670 2678 nec
697 2599 854 2678 obsistet
881 2614 1034 2707 pectore
1061 2595 1154 2676 lidos
1182 2629 1310 2680 emor.

528 2879 602 2956 An
637 2881 950 2956 Arruorrrrrrr
976 2883 1284 2958 Manum-1

617 3025 806 3103 Senatum
832 3027 1195 3125 Archiepr'scnprrm.

338 3169 462 3270 Quum
490 3176 553 3240 lun
579 3177 619 3238 le
646 3163 683 3238 in
711 3163 820 3240 niven
845 3159 1046 3270 fulgenlenr
1076 3164 1175 3238 Sena
1201 3159 1329 3238 thinrs

440 3301 550 3382 Vidit
574 3315 743 3379 sncrnlce
772 3299 882 3378 limen
910 3298 1013 3376 odire
1041 3299 1197 3398 domus,

334 3447 495 3547 Eriliil,
520 3461 756 3554 mentemque
784 3445 844 3552 pil
870 3441 1067 3524 dulcedine
1095 3459 1234 3552 cepta,

384 3643 390 3656 .
438 3593 630 3701 Opcter,
657 3623 681 3671 n
708 3593 825 3670 sancti
850 3605 1001 3700 pnslor,
1028 3591 1222 3699 honorque
1250 3597 1404 3702 gregis,
1450 3565 1453 3574 Ι
1484 3627 1485 3630 ’

333 3737 565 3844 Ingredere,
592 3766 639 3833 o,
666 3735 784 3834 dixit,
811 3765 886 3844 quo
914 3753 955 3814 le
982 3752 1048 3816 lue
1075 3736 1233 3845 plurimu
1261 3741 1399 3840 virtus,
1462 3781 1466 3793 ·

437 3881 525 3982 Quo
551 3893 588 3952 le
615 3876 828 3980 jamdudum
855 3895 983 3958 noster
1009 3879 1145 3960 arebat
1171 3913 1301 3985 nmor3

335 4025 570 4140 ingredere,
589 4022 802 4132 Alphons03
831 4039 872 4100 el
891 4025 922 4102 si
941 4025 1032 4134 quid
1049 4055 1132 4106 mes
1151 4043 1238 4108 volo
1259 4043 1449 4120 meremor,

437 4163 551 4247 Unde
579 4163 672 4242 hoco
699 4161 749 4238 sil
775 4162 900 4270 populi
928 4193 999 4242 vox
1027 4177 1131 4262 rste,
1161 4167 1242 4245 rire
1272 4168 1356 4247 din.
