3004 5044
253 1487 291 1560 si
313 1495 481 1554 nostram
507 1487 547 1553 in
574 1480 743 1554 eumdem
764 1482 1013 1569 voluntatem,
1036 1493 1080 1552 et
1100 1476 1377 1552 observantiam
1428 1457 1432 1464 ⁴

253 1627 418 1726 posteris
436 1647 582 1725 quoquo
602 1623 709 1696 modo
729 1639 905 1698 testatam
928 1647 1003 1694 non
1010 1617 1249 1720 faceremus.
1276 1617 1381 1692 Dixi

255 1737 401 1872 quoqoo
426 1767 551 1842 modo.
578 1771 674 1842 Nam
700 1789 784 1840 oum
802 1766 900 1837 milti
917 1781 974 1839 tot
988 1759 1162 1862 gravibus
1176 1763 1288 1864 ''cnris
1298 1814 1313 1849 ,
1339 1774 1382 1832 et
1417 1777 1423 1790 ’

256 1915 426 2011 nogotiis*
442 1911 607 1986 distento
633 1939 657 1986 o
685 1911 807 1986 tribus
827 1915 909 2013 jam
923 1907 1019 2008 sere
1047 1907 1178 2010 lustris
1205 1910 1269 1980 rix
1291 1905 1382 2006 sun

257 2067 344 2150 tim,
377 2075 491 2162 atque
527 2083 583 2130 eo:
609 2056 806 2130 intervallo
833 2061 874 2126 in
901 2049 1108 2126 mitioribus
1135 2051 1270 2124 litteris
1307 2072 1384 2124 ver·

256 2201 339 2272 sari
362 2195 500 2284 liceat,
532 2193 683 2291 potabis
711 2217 784 2282 ne,
821 2215 878 2266 me
905 2188 1102 2291 attilanam
1129 2211 1216 2261 esse
1251 2187 1385 2260 allatu·

260 2331 363 2428 mm,
388 2339 489 2440 quod
515 2343 711 2436 imaginem
738 2331 932 2411 Bernanli
954 2330 1174 2426 Zamagnae
1205 2335 1284 2407 stris
1308 2335 1386 2429 pic·

259 2496 333 2551 tam
351 2475 547 2550 >coloribus
577 2475 744 2573 referat,
780 2480 950 2578 qnodque
977 2477 1128 2577 dignum
1154 2477 1206 2548 sit
1239 2473 1387 2568 sapien·

260 2629 336 2688 tam
357 2617 514 2688 virorum
526 2613 673 2712 judicio
683 2665 697 2700 ,
722 2629 766 2687 et
782 2609 1088 2710 approbatione?
1115 2609 1194 2686 Sed
1210 2597 1391 2710 quidquid

260 2754 353 2838 sit,
368 2775 418 2822 en
445 2748 564 2824 ltabes
590 2751 810 2849 Zamogltae
833 2747 947 2827 'vitam
974 2769 1159 2856 tamquam
1194 2771 1390 2823 commune

259 2898 364 2994 grati
394 2897 514 2966 animi
535 2889 836 2985 monimentum,
867 2900 932 2968 oni
966 2913 1130 2998 quotuor
1163 2897 1277 2968 etiam
1304 2896 1390 2996 ejus

262 3035 469 3104 oar-minum
494 3029 611 3108 libros
637 3033 784 3134 adjeci.
812 3033 926 3108 Lioet
949 3049 1075 3106 autem
1099 3033 1228 3103 omnia
1252 3027 1302 3102 alr
1328 3031 1393 3104 illo

262 3171 413 3268 pontiae
439 3175 584 3267 scripta
611 3170 762 3271 linguae
787 3176 954 3270 puritate
964 3225 979 3260 ,
1005 3167 1200 3244 verborum
1223 3163 1393 3262 delectu,

264 3272 521 3398 atriolorum
548 3325 738 3382 concentu
766 3308 906 3382 nullum
918 3313 1029 3384 ,inter
1046 3333 1090 3384 so
1109 3307 1314 3384 discrimen
1331 3303 1392 3378 adr

266 3437 415 3526 mittere
442 3435 662 3540 videantur,
687 3475 771 3526 cum
798 3464 924 3526 tamen
950 3452 1027 3524 atta
1046 3451 1131 3524 aliis
1151 3465 1230 3522 tum
1250 3473 1394 3536 rernm,

267 3609 344 3668 tttm
370 3613 676 3692 argumentorum
704 3599 852 3670 rationo
869 3611 1095 3694 praestent,
1120 3619 1168 3666 ea
1188 3593 1396 3686 exemtis,

266 3753 307 3810 et
335 3738 488 3814 ineditis
515 3739 656 3838 selegi,
689 3765 790 3840 quae
825 3767 902 3813 non
939 3740 1061 3816 solam
1095 3743 1263 3810 auctoris
1298 3743 1397 3840 inge·

269 3876 371 3950 nium
399 3875 452 3946 ad
476 3900 585 3949 omno
609 3886 741 3974 genas
757 3899 919 3976 poeseos
934 3876 1089 3980 sactum
1126 3873 1396 3966 ostenderent,

268 4009 340 4084 sod
354 4015 544 4106 poetieam
561 4017 675 4085 etiam
681 4009 914 4107 facultatem
930 4035 1002 4108 pro
998 4005 1203 4107 fitentt‘bus
1220 4034 1296 4080 non
1312 4035 1393 4110 pan

273 4161 308 4232 Vl
332 4181 447 4247 usus,
472 4170 513 4230 et
538 4151 711 4232 utilitatis
737 4155 825 4230 esse
850 4165 1030 4254 possent.
