3004 5044
375 379 424 454 68

320 513 568 619 Pauperiens,
597 504 713 585 Secat
737 455 964 597 illocalem,
992 507 1208 601 mercesque
1236 495 1387 598 petitas

321 651 478 732 Finibus
504 676 551 724 ex
577 644 656 726 aliis
682 667 806 720 secum
834 630 956 734 vehis,
982 649 1093 738 atque
1118 646 1308 706 morantes

323 788 528 892 lnorepitat
551 780 752 886 zephyros:
779 775 840 854 ille
866 773 976 854 altam
1004 769 1219 848 exscindere
1247 769 1384 844 silvam

322 932 508 1035 Antiquae
536 917 914 1005 roluorumlatebras
940 915 1138 1020 sedemque
1156 909 1353 1026 derasum,

266 1063 267 1067 Ἰ
324 1074 503 1168 Gaudet,
530 1086 571 1146 et
590 1071 784 1174 impresso
800 1042 905 1170 cogit
924 1059 1146 1152 mollescere
1172 1057 1271 1136 serso

321 1217 482 1324 Pinguia
508 1212 650 1289 telluris
675 1238 750 1288 non
774 1223 903 1284 tactae
930 1207 1095 1329 viscera,
1118 1219 1164 1280 nt
1187 1205 1302 1283 almos
1377 1313 1380 1320 .

213 1455 217 1462 Ι
317 1363 467 1458 Vivatia
494 1373 644 1434 nunnus
672 1352 775 1431 olere
801 1351 994 1454 malosque·
1016 1323 1157 1426 feraces

321 1507 468 1594 Ponat,
495 1494 558 1570 ubi
584 1491 726 1572 steriles
752 1487 955 1595 surgebant
981 1481 1172 1560 frondibus
1197 1483 1292 1562 alni.
1333 1513 1338 1521 ·
1377 1533 1382 1544 ·

320 1648 395 1724 Hic
423 1646 525 1720 rivos
550 1671 638 1718 aera
663 1642 698 1719 io
726 1639 849 1716 ¹vultus
874 1636 1124 1742 spirantiaque
1153 1660 1220 1706 ora
1310 1610 1312 1618 l

319 1749 553 1884 Motatplric
578 1781 722 1890 effingit
747 1783 867 1860 varias
893 1783 930 1856 in
958 1805 1141 1856 marmore
1167 1772 1329 1873 formas,
1422 1865 1426 1888 ‚

317 1937 457 2041 Atque
469 1959 584 2010 novos
595 1928 744 2008 tabulis
769 1928 930 2006 inducit
940 1927 987 2004 ab
1010 1943 1096 2022 arte
1122 1924 1274 2004 colores

248 2163 250 2168 ,
317 2071 482 2149 Vincere
509 2084 673 2148 naturam
701 2084 873 2166 certans3
882 2059 961 2146 hic
987 2068 1103 2146 serica
1129 2068 1300 2174 pingit

286 2181 289 2191 Ι
319 2211 515 2305 Stamina,
536 2181 594 2288 rel
620 2225 770 2286 tenuem
798 2223 928 2286 texens
955 2177 1124 2286 inritatur
1151 2181 1381 2298 Arachnem,
1466 2311 1471 2322 .

318 2349 557 2454 Ornatusque
584 2361 695 2450 parat
721 2343 851 2422 molles
875 2371 1075 2448 curamque
1102 2342 1283 2449 puellis.¹

318 2483 471 2588 Iamque
500 2479 589 2557 alins
616 2482 765 2587 propior
791 2479 972 2557 scandens
997 2475 1221 2586 fulgentibus
1248 2482 1354 2558 astris

319 2625 663 2730 Ventorumque
632 2647 932 2728 manoperam,
957 2639 999 2699 et
1024 2621 1150 2698 nubila
1176 2620 1313 2716 celsa,
1407 2679 1412 2694 .

318 2765 455 2844 Omnia
482 2791 547 2870 per
574 2787 746 2872 magnum
771 2763 847 2842 late
874 2763 1056 2843 radiantia
1081 2731 1254 2874 mnndum
1352 2827 1359 2846 ‚
1452 2771 1455 2779 '

321 2904 454 2981 Sidera
480 2905 632 2982 metitur
658 2907 844 3016 radio,
813 2933 981 3011 viresque
1009 2871 1250 2979 trahentis

321 3045 447 3141 Solis,
469 3061 514 3120 et
541 3045 726 3149 implexos
745 3060 924 3122 astrorum
950 3039 1098 3152 dispicit
1123 3043 1255 3141 orbes,

322 3192 579 3298 Defectusque
608 3207 782 3296 ortusque
802 3190 922 3268 welucet
947 3170 1139 3296 variosque
1165 3205 1349 3267 suestan-
1394 3188 1397 3196 ⁴

322 3331 427 3432 Quot
453 3333 513 3408 lux
542 3361 580 3410 se
607 3329 751 3406 scindat
774 3329 833 3406 lila
859 3331 895 3406 in
924 3325 1094 3428 diuersa?
1120 3329 1198 3434 quis
1226 3328 1322 3404 illam
1360 3351 1364 3356 ·
1471 3371 1475 3383 ·

321 3470 488 3572 Impetus
516 3471 553 3546 in
580 3487 717 3548 terram
744 3437 1199 3574 solisderrudatab'axe
1313 3535 1318 3548 ,

320 3609 416 3686 Tam
445 3605 554 3682 celcri
570 3603 713 3716 lapsu?
738 3637 831 3716 quae
859 3609 911 3685 ris
937 3606 1114 3684 inducere
1140 3621 1254 3712 cogat

321 3751 549 3879 Ornnigcnos
576 3751 691 3827 rebus
712 3751 827 3830 sorura
854 3755 1017 3831 variante
1045 3755 1257 3860 colores.

317 3889 398 3967 Nec
415 3887 533 3960 miuus
553 3901 592 3959 et
608 3889 785 3964 Triviae
777 3891 967 3994 imperium
977 3919 1095 3999 super
1114 3877 1281 3998 aequoris
1302 3889 1420 3992 undas,

318 4033 405 4132 Quo
432 4011 513 4106 lluit
538 4027 711 4118 Oceanus
739 4025 965 4133 refluitque
956 4061 1175 4134 immensus,
1202 4053 1241 4113 et
1266 4059 1365 4120 aestu

317 4175 479 4252 Alterno
505 4168 645 4266 terret,
672 4185 797 4248 certus
823 4193 958 4276 notat⁹
985 4184 1282 4290 omniaque·alto
