<?xml version="1.0" encoding="UTF-8"?>
<!DOCTYPE html PUBLIC "-//W3C//DTD XHTML 1.0 Transitional//EN"
    "http://www.w3.org/TR/xhtml1/DTD/xhtml1-transitional.dtd">
<html xmlns="http://www.w3.org/1999/xhtml" xml:lang="en" lang="en">
 <head>
  <title>
</title>
<meta http-equiv="Content-Type" content="text/html;charset=utf-8" />
  <meta name='ocr-system' content='tesseract 3.04.00' />
  <meta name='ocr-capabilities' content='ocr_page ocr_carea ocr_par ocr_line ocrx_word'/>
</head>
<body>
  <div class='ocr_page' id='page_1' title='image "./devitaetscripti00zamagoog_0294.png"; bbox 0 0 3032 5034; ppageno 0'>
   <div class='ocr_carea' id='block_1_1' title="bbox 381 351 1148 578">
    <p class='ocr_par' dir='ltr' id='par_1_1' title="bbox 381 351 1148 578">
     <span class='ocr_line' id='line_1_1' title="bbox 381 351 457 444; baseline 0 -12"><span class='ocrx_word' id='word_1_1' title='bbox 381 351 457 444; x_wconf 71' lang='lat' dir='ltr'><strong>alil</strong></span> 
     </span>
     <span class='ocr_line' id='line_1_2' title="bbox 770 498 1148 578; baseline -0.005 -2"><span class='ocrx_word' id='word_1_2' title='bbox 770 499 834 576; x_wconf 89' lang='lat' dir='ltr'><strong>De</strong></span> <span class='ocrx_word' id='word_1_3' title='bbox 860 498 1012 578; x_wconf 67' lang='lat' dir='ltr'><strong>emlem.</strong></span> <span class='ocrx_word' id='word_1_4' title='bbox 1144 557 1148 566; x_wconf 83' lang='lat'>‚</span> 
     </span>
    </p>
   </div>
   <div class='ocr_carea' id='block_1_2' title="bbox 332 761 1460 887">
    <p class='ocr_par' dir='ltr' id='par_1_2' title="bbox 332 761 1460 887">
     <span class='ocr_line' id='line_1_3' title="bbox 332 761 1460 887; baseline -0.005 -34"><span class='ocrx_word' id='word_1_5' title='bbox 332 779 442 880; x_wconf 88' lang='lat' dir='ltr'><strong>Quae</strong></span> <span class='ocrx_word' id='word_1_6' title='bbox 459 773 578 858; x_wconf 83' lang='lat' dir='ltr'><strong>sueraa</strong></span> <span class='ocrx_word' id='word_1_7' title='bbox 597 775 685 856; x_wconf 86' lang='lat' dir='ltr'><strong>mihi</strong></span> <span class='ocrx_word' id='word_1_8' title='bbox 712 775 848 875; x_wconf 72' lang='lat' dir='ltr'><strong>chara,</strong></span> <span class='ocrx_word' id='word_1_9' title='bbox 866 761 996 887; x_wconf 78' lang='lat' dir='ltr'><strong>parem</strong></span> <span class='ocrx_word' id='word_1_10' title='bbox 1019 775 1121 853; x_wconf 84' lang='lat' dir='ltr'><strong>velut</strong></span> <span class='ocrx_word' id='word_1_11' title='bbox 1138 777 1246 886; x_wconf 72' lang='lat' dir='ltr'><strong>ipsa,</strong></span> <span class='ocrx_word' id='word_1_12' title='bbox 1268 799 1460 880; x_wconf 74' lang='lat' dir='ltr'><strong>sororque,</strong></span> 
     </span>
    </p>
   </div>
   <div class='ocr_carea' id='block_1_3' title="bbox 332 913 1454 2152">
    <p class='ocr_par' dir='ltr' id='par_1_3' title="bbox 332 913 1451 1294">
     <span class='ocr_line' id='line_1_4' title="bbox 436 913 1303 1024; baseline -0.002 -34"><span class='ocrx_word' id='word_1_13' title='bbox 436 919 515 1002; x_wconf 71' lang='lat' dir='ltr'><strong>Aut</strong></span> <span class='ocrx_word' id='word_1_14' title='bbox 541 917 571 992; x_wconf 81' lang='lat' dir='ltr'><strong>ui</strong></span> <span class='ocrx_word' id='word_1_15' title='bbox 599 913 687 1023; x_wconf 86' lang='lat' dir='ltr'><strong>quid</strong></span> <span class='ocrx_word' id='word_1_16' title='bbox 714 916 871 1024; x_wconf 72' lang='lat' dir='ltr'><strong>cuipiam</strong></span> <span class='ocrx_word' id='word_1_17' title='bbox 900 915 1043 992; x_wconf 71' lang='lat' dir='ltr'><strong>charius</strong></span> <span class='ocrx_word' id='word_1_18' title='bbox 1069 941 1152 992; x_wconf 78' lang='lat' dir='ltr'><strong>ease</strong></span> <span class='ocrx_word' id='word_1_19' title='bbox 1181 931 1303 1020; x_wconf 78' lang='lat' dir='ltr'><strong>pote,</strong></span> 
     </span>
     <span class='ocr_line' id='line_1_5' title="bbox 332 1047 1451 1160; baseline -0.004 -26"><span class='ocrx_word' id='word_1_20' title='bbox 332 1053 442 1134; x_wconf 84' lang='lat' dir='ltr'><strong>Muta</strong></span> <span class='ocrx_word' id='word_1_21' title='bbox 467 1052 589 1158; x_wconf 81' lang='lat' dir='ltr'><strong>jacea3</strong></span> <span class='ocrx_word' id='word_1_22' title='bbox 616 1053 722 1160; x_wconf 84' lang='lat' dir='ltr'><strong>lepor</strong></span> <span class='ocrx_word' id='word_1_23' title='bbox 747 1053 808 1132; x_wconf 89' lang='lat' dir='ltr'><strong>ille</strong></span> <span class='ocrx_word' id='word_1_24' title='bbox 836 1052 956 1149; x_wconf 83' lang='lat' dir='ltr'><strong>abiit,</strong></span> <span class='ocrx_word' id='word_1_25' title='bbox 983 1078 1092 1157; x_wconf 89' lang='lat' dir='ltr'><strong>quem</strong></span> <span class='ocrx_word' id='word_1_26' title='bbox 1120 1065 1282 1157; x_wconf 85' lang='lat' dir='ltr'><strong>propter</strong></span> <span class='ocrx_word' id='word_1_27' title='bbox 1309 1047 1451 1130; x_wconf 72' lang='lat' dir='ltr'><strong>adibam</strong></span> 
     </span>
     <span class='ocr_line' id='line_1_6' title="bbox 434 1196 1305 1294; baseline -0.002 -21"><span class='ocrx_word' id='word_1_28' title='bbox 434 1196 581 1274; x_wconf 68' lang='lat' dir='ltr'><strong>Laetus</strong></span> <span class='ocrx_word' id='word_1_29' title='bbox 606 1197 816 1278; x_wconf 73' lang='lat' dir='ltr'><strong>amabilium</strong></span> <span class='ocrx_word' id='word_1_30' title='bbox 841 1209 883 1274; x_wconf 87' lang='lat' dir='ltr'><strong>te</strong></span> <span class='ocrx_word' id='word_1_31' title='bbox 911 1197 1108 1276; x_wconf 83' lang='lat' dir='ltr'><strong>Charitum</strong></span> <span class='ocrx_word' id='word_1_32' title='bbox 1138 1197 1305 1294; x_wconf 79' lang='lat' dir='ltr'>sociam,</span> 
     </span>
    </p>

    <p class='ocr_par' dir='ltr' id='par_1_4' title="bbox 333 1336 1422 1732">
     <span class='ocr_line' id='line_1_7' title="bbox 334 1336 1304 1448; baseline -0.005 -28"><span class='ocrx_word' id='word_1_33' title='bbox 334 1343 395 1420; x_wconf 89' lang='lat' dir='ltr'><strong>Te</strong></span> <span class='ocrx_word' id='word_1_34' title='bbox 424 1343 496 1418; x_wconf 70' lang='lat' dir='ltr'><strong>uul</strong></span> <span class='ocrx_word' id='word_1_35' title='bbox 521 1341 825 1448; x_wconf 77' lang='lat' dir='ltr'><strong>gaudebumque‚</strong></span> <span class='ocrx_word' id='word_1_36' title='bbox 850 1357 987 1448; x_wconf 89' lang='lat' dir='ltr'><strong>tuoque</strong></span> <span class='ocrx_word' id='word_1_37' title='bbox 1014 1336 1144 1418; x_wconf 75' lang='lat' dir='ltr'><strong>allixue</strong></span> <span class='ocrx_word' id='word_1_38' title='bbox 1171 1341 1209 1418; x_wconf 89' lang='lat' dir='ltr'><strong>in</strong></span> <span class='ocrx_word' id='word_1_39' title='bbox 1237 1367 1304 1416; x_wconf 88' lang='lat' dir='ltr'><strong>ure</strong></span> 
     </span>
     <span class='ocr_line' id='line_1_8' title="bbox 437 1478 1338 1586; baseline 0.003 -34"><span class='ocrx_word' id='word_1_40' title='bbox 437 1479 673 1581; x_wconf 74' lang='lat' dir='ltr'><strong>Quaerebam</strong></span> <span class='ocrx_word' id='word_1_41' title='bbox 702 1478 799 1552; x_wconf 84' lang='lat' dir='ltr'><strong>curia</strong></span> <span class='ocrx_word' id='word_1_42' title='bbox 827 1479 1060 1586; x_wconf 71' lang='lat' dir='ltr'><strong>perfugium,</strong></span> <span class='ocrx_word' id='word_1_43' title='bbox 1083 1495 1125 1556; x_wconf 85' lang='lat' dir='ltr'><strong>et</strong></span> <span class='ocrx_word' id='word_1_44' title='bbox 1149 1481 1338 1584; x_wconf 81' lang='lat' dir='ltr'><strong>requiem.</strong></span> 
     </span>
     <span class='ocr_line' id='line_1_9' title="bbox 333 1618 1422 1732; baseline 0.001 -31"><span class='ocrx_word' id='word_1_45' title='bbox 333 1619 444 1701; x_wconf 84' lang='lat' dir='ltr'><strong>Heu!</strong></span> <span class='ocrx_word' id='word_1_46' title='bbox 471 1618 562 1700; x_wconf 88' lang='lat' dir='ltr'><strong>heu!</strong></span> <span class='ocrx_word' id='word_1_47' title='bbox 590 1637 726 1700; x_wconf 84' lang='lat' dir='ltr'><strong>euueta</strong></span> <span class='ocrx_word' id='word_1_48' title='bbox 752 1623 900 1711; x_wconf 79' lang='lat' dir='ltr'><strong>abiere!</strong></span> <span class='ocrx_word' id='word_1_49' title='bbox 927 1625 1015 1704; x_wconf 85' lang='lat' dir='ltr'><strong>Tuo</strong></span> <span class='ocrx_word' id='word_1_50' title='bbox 1042 1653 1144 1704; x_wconf 85' lang='lat' dir='ltr'><strong>meua</strong></span> <span class='ocrx_word' id='word_1_51' title='bbox 1172 1626 1317 1732; x_wconf 81' lang='lat' dir='ltr'><strong>perdita</strong></span> <span class='ocrx_word' id='word_1_52' title='bbox 1346 1624 1422 1704; x_wconf 83' lang='lat' dir='ltr'><strong>latu</strong></span> 
     </span>
    </p>

    <p class='ocr_par' dir='ltr' id='par_1_5' title="bbox 332 1759 1454 2152">
     <span class='ocr_line' id='line_1_10' title="bbox 436 1759 1172 1872; baseline 0.008 -33"><span class='ocrx_word' id='word_1_53' title='bbox 436 1759 577 1852; x_wconf 74' lang='lat' dir='ltr'><strong>Omnes</strong></span> <span class='ocrx_word' id='word_1_54' title='bbox 605 1759 764 1840; x_wconf 77' lang='lat' dir='ltr'><strong>laetitiae</strong></span> <span class='ocrx_word' id='word_1_55' title='bbox 790 1763 932 1872; x_wconf 76' lang='lat' dir='ltr'><strong>depulit</strong></span> <span class='ocrx_word' id='word_1_56' title='bbox 957 1793 1002 1844; x_wconf 81' lang='lat' dir='ltr'><strong>ex</strong></span> <span class='ocrx_word' id='word_1_57' title='bbox 1029 1763 1172 1844; x_wconf 82' lang='lat' dir='ltr'><strong>auimo!</strong></span> 
     </span>
     <span class='ocr_line' id='line_1_11' title="bbox 332 1893 1454 2010; baseline 0 -36"><span class='ocrx_word' id='word_1_58' title='bbox 332 1897 389 1974; x_wconf 83' lang='lat' dir='ltr'><strong>Et</strong></span> <span class='ocrx_word' id='word_1_59' title='bbox 415 1924 482 2004; x_wconf 83' lang='lat' dir='ltr'><strong>per</strong></span> <span class='ocrx_word' id='word_1_60' title='bbox 508 1893 617 1976; x_wconf 73' lang='lat' dir='ltr'><strong>busta</strong></span> <span class='ocrx_word' id='word_1_61' title='bbox 641 1901 739 2007; x_wconf 82' lang='lat' dir='ltr'><strong>rupit</strong></span> <span class='ocrx_word' id='word_1_62' title='bbox 763 1901 871 1980; x_wconf 81' lang='lat' dir='ltr'><strong>‹lulur</strong></span> <span class='ocrx_word' id='word_1_63' title='bbox 897 1903 1051 2010; x_wconf 85' lang='lat' dir='ltr'><strong>ingena,</strong></span> <span class='ocrx_word' id='word_1_64' title='bbox 1077 1917 1118 1980; x_wconf 92' lang='lat' dir='ltr'><strong>et</strong></span> <span class='ocrx_word' id='word_1_65' title='bbox 1140 1931 1249 2010; x_wconf 87' lang='lat' dir='ltr'><strong>aupra</strong></span> <span class='ocrx_word' id='word_1_66' title='bbox 1270 1904 1454 1982; x_wconf 72' lang='lat' dir='ltr'><strong>inhorrere</strong></span> 
     </span>
     <span class='ocr_line' id='line_1_12' title="bbox 438 2041 1233 2152; baseline 0.008 -32"><span class='ocrx_word' id='word_1_67' title='bbox 438 2041 528 2120; x_wconf 81' lang='lat' dir='ltr'><strong>Nux</strong></span> <span class='ocrx_word' id='word_1_68' title='bbox 551 2055 670 2122; x_wconf 86' lang='lat' dir='ltr'><strong>terret</strong></span> <span class='ocrx_word' id='word_1_69' title='bbox 697 2043 840 2152; x_wconf 73' lang='lat' dir='ltr'><strong>Stygiis</strong></span> <span class='ocrx_word' id='word_1_70' title='bbox 867 2045 1021 2124; x_wconf 89' lang='lat' dir='ltr'><strong>luridior</strong></span> <span class='ocrx_word' id='word_1_71' title='bbox 1047 2045 1233 2126; x_wconf 85' lang='lat' dir='ltr'><strong>tenebria.</strong></span> 
     </span>
    </p>
   </div>
   <div class='ocr_carea' id='block_1_4' title="bbox 334 2183 1453 2432">
    <p class='ocr_par' dir='ltr' id='par_1_6' title="bbox 334 2183 1453 2432">
     <span class='ocr_line' id='line_1_13' title="bbox 334 2183 1328 2294; baseline 0.002 -30"><span class='ocrx_word' id='word_1_72' title='bbox 334 2183 373 2264; x_wconf 93' lang='grc'>0</span> <span class='ocrx_word' id='word_1_73' title='bbox 401 2184 512 2284; x_wconf 75' lang='lat' dir='ltr'><strong>Dea,</strong></span> <span class='ocrx_word' id='word_1_74' title='bbox 538 2185 739 2266; x_wconf 79' lang='lat' dir='ltr'><strong>amicitiam</strong></span> <span class='ocrx_word' id='word_1_75' title='bbox 767 2217 860 2294; x_wconf 83' lang='lat' dir='ltr'><strong>quae</strong></span> <span class='ocrx_word' id='word_1_76' title='bbox 888 2219 1017 2290; x_wconf 79' lang='lat' dir='ltr'><strong>curua,</strong></span> <span class='ocrx_word' id='word_1_77' title='bbox 1043 2189 1134 2266; x_wconf 86' lang='lat' dir='ltr'><strong>ruite</strong></span> <span class='ocrx_word' id='word_1_78' title='bbox 1160 2189 1328 2266; x_wconf 85' lang='lat' dir='ltr'><strong>levamen</strong></span> 
     </span>
     <span class='ocr_line' id='line_1_14' title="bbox 438 2322 1453 2432; baseline 0.008 -34"><span class='ocrx_word' id='word_1_79' title='bbox 438 2324 515 2399; x_wconf 84' lang='lat' dir='ltr'><strong>Fer</strong></span> <span class='ocrx_word' id='word_1_80' title='bbox 542 2322 654 2422; x_wconf 80' lang='lat' dir='ltr'><strong>mihi,</strong></span> <span class='ocrx_word' id='word_1_81' title='bbox 681 2323 762 2421; x_wconf 84' lang='lat' dir='ltr'><strong>vel,</strong></span> <span class='ocrx_word' id='word_1_82' title='bbox 789 2325 875 2430; x_wconf 89' lang='lat' dir='ltr'><strong>quid</strong></span> <span class='ocrx_word' id='word_1_83' title='bbox 902 2355 1030 2432; x_wconf 75' lang='lat' dir='ltr'><strong>agam,</strong></span> <span class='ocrx_word' id='word_1_84' title='bbox 1056 2327 1104 2405; x_wconf 84' lang='lat' dir='ltr'><strong>du</strong></span> <span class='ocrx_word' id='word_1_85' title='bbox 1130 2327 1229 2404; x_wconf 88' lang='lat' dir='ltr'><strong>buna</strong></span> <span class='ocrx_word' id='word_1_86' title='bbox 1257 2329 1453 2406; x_wconf 79' lang='lat' dir='ltr'><strong>&#39;consilium</strong></span> 
     </span>
    </p>
   </div>
   <div class='ocr_carea' id='block_1_5' title="bbox 781 2611 1028 2692">
    <p class='ocr_par' dir='ltr' id='par_1_7' title="bbox 781 2611 1492 2734">
     <span class='ocr_line' id='line_1_15' title="bbox 781 2611 1028 2692; baseline 0.003 -6"><span class='ocrx_word' id='word_1_87' title='bbox 781 2611 847 2686; x_wconf 86' lang='lat' dir='ltr'><strong>De</strong></span> <span class='ocrx_word' id='word_1_88' title='bbox 873 2613 1028 2692; x_wconf 73' lang='lat' dir='ltr'><strong>eadem.</strong></span> 
     </span>
    </p>
   </div>
   <div class='ocr_carea' id='block_1_6' title="bbox 336 2889 1444 3570">
    <p class='ocr_par' dir='ltr' id='par_1_8' title="bbox 336 2889 1444 3570">
     <span class='ocr_line' id='line_1_16' title="bbox 340 2889 1444 3002; baseline -0.002 -34"><span class='ocrx_word' id='word_1_89' title='bbox 340 2893 424 2969; x_wconf 82' lang='lat' dir='ltr'><strong>Hae</strong></span> <span class='ocrx_word' id='word_1_90' title='bbox 451 2892 589 2996; x_wconf 73' lang='lat' dir='ltr'><strong>violae,</strong></span> <span class='ocrx_word' id='word_1_91' title='bbox 613 2895 706 2974; x_wconf 87' lang='lat' dir='ltr'><strong>haee</strong></span> <span class='ocrx_word' id='word_1_92' title='bbox 731 2909 841 2976; x_wconf 84' lang='lat' dir='ltr'><strong>textu</strong></span> <span class='ocrx_word' id='word_1_93' title='bbox 866 2893 995 3000; x_wconf 72' lang='lat' dir='ltr'><strong>nigri,</strong></span> <span class='ocrx_word' id='word_1_94' title='bbox 1023 2889 1248 2970; x_wconf 74' lang='lat' dir='ltr'><strong>catharina.</strong></span> <span class='ocrx_word' id='word_1_95' title='bbox 1277 2921 1444 3002; x_wconf 74' lang='lat' dir='ltr'><strong>cupressu</strong></span> 
     </span>
     <span class='ocr_line' id='line_1_17' title="bbox 441 3029 1339 3140; baseline 0 -32"><span class='ocrx_word' id='word_1_96' title='bbox 441 3029 553 3110; x_wconf 79' lang='lat' dir='ltr'><strong>seru</strong></span> <span class='ocrx_word' id='word_1_97' title='bbox 580 3033 650 3110; x_wconf 88' lang='lat' dir='ltr'><strong>tibi</strong></span> <span class='ocrx_word' id='word_1_98' title='bbox 677 3033 839 3140; x_wconf 77' lang='lat' dir='ltr'><strong>aequalis</strong></span> <span class='ocrx_word' id='word_1_99' title='bbox 867 3033 931 3110; x_wconf 86' lang='lat' dir='ltr'><strong>dat</strong></span> <span class='ocrx_word' id='word_1_100' title='bbox 955 3032 1089 3112; x_wconf 83' lang='lat' dir='ltr'><strong>eburua</strong></span> <span class='ocrx_word' id='word_1_101' title='bbox 1117 3031 1339 3136; x_wconf 81' lang='lat' dir='ltr'><strong>lllyridum,</strong></span> 
     </span>
     <span class='ocr_line' id='line_1_18' title="bbox 339 3175 1253 3282; baseline -0.002 -26"><span class='ocrx_word' id='word_1_102' title='bbox 339 3177 589 3282; x_wconf 79' lang='lat' dir='ltr'><strong>Suetutuaque</strong></span> <span class='ocrx_word' id='word_1_103' title='bbox 614 3175 692 3252; x_wconf 85' lang='lat' dir='ltr'><strong>ciet</strong></span> <span class='ocrx_word' id='word_1_104' title='bbox 719 3203 843 3254; x_wconf 80' lang='lat' dir='ltr'><strong>marea</strong></span> <span class='ocrx_word' id='word_1_105' title='bbox 870 3175 1032 3254; x_wconf 86' lang='lat' dir='ltr'><strong>clamore</strong></span> <span class='ocrx_word' id='word_1_106' title='bbox 1058 3205 1253 3282; x_wconf 71' lang='lat' dir='ltr'><strong>supremo,</strong></span> 
     </span>
     <span class='ocr_line' id='line_1_19' title="bbox 441 3317 1358 3427; baseline 0.004 -31"><span class='ocrx_word' id='word_1_107' title='bbox 441 3317 603 3424; x_wconf 77' lang='lat' dir='ltr'><strong>Altaque</strong></span> <span class='ocrx_word' id='word_1_108' title='bbox 631 3317 868 3427; x_wconf 75' lang='lat' dir='ltr'><strong>spectandum</strong></span> <span class='ocrx_word' id='word_1_109' title='bbox 895 3318 997 3397; x_wconf 85' lang='lat' dir='ltr'><strong>tollit</strong></span> <span class='ocrx_word' id='word_1_110' title='bbox 1020 3321 1067 3399; x_wconf 83' lang='lat' dir='ltr'><strong>ed</strong></span> <span class='ocrx_word' id='word_1_111' title='bbox 1093 3335 1194 3398; x_wconf 76' lang='lat' dir='ltr'><strong>aetra</strong></span> <span class='ocrx_word' id='word_1_112' title='bbox 1222 3321 1358 3420; x_wconf 80' lang='lat' dir='ltr'><strong>decue,</strong></span> 
     </span>
     <span class='ocr_line' id='line_1_20' title="bbox 336 3461 1305 3570; baseline -0.002 -26"><span class='ocrx_word' id='word_1_113' title='bbox 336 3463 391 3544; x_wconf 89' lang='lat' dir='ltr'><strong>Et</strong></span> <span class='ocrx_word' id='word_1_114' title='bbox 414 3469 552 3564; x_wconf 78' lang='lat' dir='ltr'><strong>cirrum</strong></span> <span class='ocrx_word' id='word_1_115' title='bbox 581 3468 752 3546; x_wconf 71' lang='lat' dir='ltr'><strong>euristeus</strong></span> <span class='ocrx_word' id='word_1_116' title='bbox 780 3461 896 3546; x_wconf 86' lang='lat' dir='ltr'><strong>oeulia</strong></span> <span class='ocrx_word' id='word_1_117' title='bbox 921 3464 1158 3570; x_wconf 78' lang='lat' dir='ltr'><strong>turgentibus</strong></span> <span class='ocrx_word' id='word_1_118' title='bbox 1184 3463 1305 3546; x_wconf 85' lang='lat' dir='ltr'><strong>imbre</strong></span> 
     </span>
    </p>
   </div>
   <div class='ocr_carea' id='block_1_7' title="bbox 337 3599 1322 3844">
    <p class='ocr_par' dir='ltr' id='par_1_9' title="bbox 337 3599 1322 3844">
     <span class='ocr_line' id='line_1_21' title="bbox 439 3599 1262 3712; baseline -0.002 -30"><span class='ocrx_word' id='word_1_119' title='bbox 439 3603 630 3712; x_wconf 78' lang='lat' dir='ltr'><strong>Frigidule</strong></span> <span class='ocrx_word' id='word_1_120' title='bbox 656 3599 778 3682; x_wconf 81' lang='lat' dir='ltr'><strong>ellusia</strong></span> <span class='ocrx_word' id='word_1_121' title='bbox 805 3601 915 3678; x_wconf 80' lang='lat' dir='ltr'><strong>butte</strong></span> <span class='ocrx_word' id='word_1_122' title='bbox 942 3600 1041 3708; x_wconf 81' lang='lat' dir='ltr'><strong>rigat</strong></span> <span class='ocrx_word' id='word_1_123' title='bbox 1068 3599 1262 3706; x_wconf 77' lang='lat' dir='ltr'><strong>lacrymis.</strong></span> 
     </span>
     <span class='ocr_line' id='line_1_22' title="bbox 337 3735 1322 3844; baseline 0.001 -29"><span class='ocrx_word' id='word_1_124' title='bbox 337 3735 406 3815; x_wconf 87' lang='lat' dir='ltr'><strong>Sic</strong></span> <span class='ocrx_word' id='word_1_125' title='bbox 432 3765 550 3842; x_wconf 82' lang='lat' dir='ltr'><strong>parvo</strong></span> <span class='ocrx_word' id='word_1_126' title='bbox 576 3741 767 3844; x_wconf 85' lang='lat' dir='ltr'><strong>ingentem</strong></span> <span class='ocrx_word' id='word_1_127' title='bbox 795 3750 948 3814; x_wconf 75' lang='lat' dir='ltr'><strong>testatur</strong></span> <span class='ocrx_word' id='word_1_128' title='bbox 974 3765 1125 3816; x_wconf 90' lang='lat' dir='ltr'><strong>munere</strong></span> <span class='ocrx_word' id='word_1_129' title='bbox 1154 3737 1322 3840; x_wconf 69' lang='lat' dir='ltr'><strong>luctum,</strong></span> 
     </span>
    </p>
   </div>
   <div class='ocr_carea' id='block_1_8' title="bbox 439 3874 1313 3990">
    <p class='ocr_par' dir='ltr' id='par_1_10' title="bbox 439 3874 1313 3990">
     <span class='ocr_line' id='line_1_23' title="bbox 439 3874 1313 3990; baseline 0.013 -34"><span class='ocrx_word' id='word_1_130' title='bbox 439 3877 557 3957; x_wconf 78' lang='lat' dir='ltr'><strong>Addit</strong></span> <span class='ocrx_word' id='word_1_131' title='bbox 584 3897 655 3977; x_wconf 48' lang='grc' dir='ltr'><strong>εις</strong></span> <span class='ocrx_word' id='word_1_132' title='bbox 676 3909 699 3956; x_wconf 86' lang='lat' dir='ltr'><strong>u</strong></span> <span class='ocrx_word' id='word_1_133' title='bbox 725 3874 812 3961; x_wconf 74' lang='lat' dir='ltr'><strong>felix</strong></span> <span class='ocrx_word' id='word_1_134' title='bbox 839 3881 899 3962; x_wconf 88' lang='lat' dir='ltr'><strong>Tu</strong></span> <span class='ocrx_word' id='word_1_135' title='bbox 927 3879 1015 3966; x_wconf 83' lang='lat' dir='ltr'><strong>milri</strong></span> <span class='ocrx_word' id='word_1_136' title='bbox 1043 3909 1189 3990; x_wconf 77' lang='lat' dir='ltr'><strong>semper</strong></span> <span class='ocrx_word' id='word_1_137' title='bbox 1216 3881 1313 3970; x_wconf 82' lang='lat' dir='ltr'><strong>uvel</strong></span> 
     </span>
    </p>
   </div>
   <div class='ocr_carea' id='block_1_9' title="bbox 0 0 1529 5034">
    <p class='ocr_par' dir='ltr' id='par_1_11' title="bbox 0 0 1529 5034">
     <span class='ocr_line' id='line_1_24' title="bbox 0 0 1529 5034; baseline 0 0"><span class='ocrx_word' id='word_1_138' title='bbox 0 0 1529 5034; x_wconf 95' lang='lat' dir='ltr'><strong> </strong></span> 
     </span>
    </p>
   </div>
  </div>
 </body>
</html>
