3004 5044
367 343 413 416 rb

311 431 396 554 nem
428 507 508 566 ⁸non
543 477 683 556 saciant
720 435 1007 582 Sanunarium,
1042 481 1206 580 Vident,
1234 495 1279 559 ct
1312 478 1448 572 Frace·

311 621 466 698 scorium
484 620 521 710 in
539 618 728 698 veteribus
747 621 960 724 imitandis)
978 638 1021 700 ut
1039 625 1152 702 immo
1171 621 1339 700 eamdem
1362 626 1442 732 ipse

310 761 480 842 rideatur
513 764 658 846 laudem
686 763 862 873 adeptus,
899 795 994 873 quae
1020 765 1194 846 Andreae
1225 763 1439 874 Naragerio

310 907 394 985 data
421 925 505 1006 est,
530 937 613 987 cnm
626 909 817 986 Catullum
843 907 944 988 circa
969 937 1155 1016 passerem
1170 905 1332 984 Lesbiae
1357 909 1435 985 imi·

310 1033 408 1124 tatus
446 1045 562 1124 Cumis
599 1045 751 1154 Borgeti
789 1047 975 1123 interitum
1011 1073 1108 1124 noro
1144 1073 1295 1153 prorsus
1326 1059 1437 1154 atque

309 1187 590 1298 elegantissimo
612 1191 724 1270 modo
751 1189 887 1288 debet,
913 1223 959 1270 ac
983 1191 1228 1271 lamentatur.

358 1337 458 1416 xil.
487 1338 752 1445 Quinqncnuio
778 1354 863 1446 post
889 1337 1049 1416 Romam
1078 1355 1275 1418 revocatus
1303 1343 1436 1420 Zama·

307 1515 383 1594 gna
408 1483 599 1560 uniuersae
625 1481 857 1593 Theodogiae
884 1483 1092 1590 aGaspare
1111 1482 1301 1592 Segovia,
1328 1484 1433 1592 Hya·

306 1631 437 1708 eintbo
463 1629 684 1739 Stoppiuio,
718 1647 758 1710 et
781 1631 1126 1754 JoanneBeptista
1161 1635 1307 1735 Ferre,
1341 1639 1429 1716 viris

304 1769 440 1848 mnltee
459 1771 766 1869 existimationis,
791 1785 833 1846 et
849 1769 1070 1869 doetrinae,
1096 1773 1304 1854 rudimenta
1332 1805 1435 1856 acce·

302 1917 382 2024 pit3
408 1913 456 1993 sd
483 1913 583 2021 quod
610 1939 697 1989 seue
723 1915 909 2014 studium,
936 1914 988 1992 uti
1014 1915 1061 1994 ad
1088 1917 1252 2030 relique,
1277 1895 1369 2001 licet
1393 1949 1432 1998 se

301 2080 458 2162 pronum
486 2054 641 2130 menime
668 2054 845 2154 sentiret,
880 2069 990 2162 atque
1016 2053 1069 2130 itti
1095 2055 1292 2167 diligenter
1326 2087 1432 2137 raca·

301 2213 385 2296 ret,
419 2191 488 2272 sibi
514 2211 636 2278 manen
665 2212 875 2306 temperare
902 2227 978 2276 uon
1005 2195 1125 2304 potuit
1156 2199 1282 2305 (quod
1314 2201 1425 2277 etiam

223 2355 228 2366 ’
302 2337 460 2438 decent,
480 2341 566 2420 duro
590 2341 841 2450 philosophiae
859 2371 1010 2450 operam
1028 2342 1161 2443 daret)
1180 2341 1267 2450 quio
1285 2343 1332 2420 ud
1347 2347 1430 2425 Mo·

300 2513 422 2568 aarum
450 2486 610 2580 coitum,
645 2486 694 2560 ad
718 2517 827 2596 quem
853 2501 987 2564 natura
1015 2487 1232 2588 ferebatur,
1267 2489 1429 2596 quaudo·

301 2661 374 2740 que
400 2647 673 2731 reverteretur.
700 2635 808 2736 Quae
835 2663 894 2714 res
921 2665 1004 2717 cum
1032 2633 1110 2740 ejus
1127 2633 1429 2712 moderatoribus

298 2773 418 2850 minus
444 2769 691 2878 probaretur,
726 2775 829 2879 quasi
855 2771 895 2849 id
922 2776 1135 2882 Zamngnae
1168 2771 1242 2879 jam
1274 2773 1426 2883 impedi·

299 2927 429 2988 mento
447 2889 597 3010 suiseet,
623 2912 816 3014 quominus
834 2925 1005 3011 tautum,
1032 2929 1206 3018 quantum
1225 2913 1430 3019 potuisset,

297 3049 335 3125 in
363 3041 478 3127 sacris
503 3047 639 3124 litteris
665 3075 882 3154 progressus
905 3047 1078 3148 fecisset,
1105 3067 1169 3127 aut
1194 3050 1366 3156 juvenem
1393 3052 1430 3162 iu

300 3191 486 3302 theologia
513 3189 710 3274 ediscenda
739 3207 958 3300 occupatum
985 3195 1258 3304 quodammodo
1275 3195 1433 3276 dedece-

297 3343 358 3410 ret
381 3335 548 3442 poeticae
576 3329 793 3429 intendere,
819 3329 991 3408 obbanc
1019 3359 1097 3408 rem
1123 3333 1219 3410 adeo
1245 3333 1307 3412 ille
1334 3364 1432 3413 com-

296 3489 423 3552 motus
449 3488 533 3570 est,
559 3486 600 3548 ut
624 3499 663 3549 se
690 3467 779 3547 nihil
807 3468 853 3548 de
880 3467 1090 3580 theologiae
1110 3469 1231 3548 studio
1251 3471 1433 3554 detraxis-

299 3639 338 3687 se
366 3613 506 3719 poesim
534 3609 767 3708 excolendo,
792 3637 868 3686 uon
894 3608 1040 3708 verbis,
1071 3609 1135 3685 scd
1159 3604 1205 3722 ‘re
1233 3613 1433 3689 ostendere

299 3761 555 3839 constituerit.
584 3763 711 3864 Quare
729 3753 803 3860 jam
825 3771 1021 3862 percepta,
1047 3767 1087 3829 et
1103 3755 1233 3832 audita
1251 3757 1432 3835 attentius

299 3897 494 3996 recolens,
520 3913 560 3973 et
579 3927 676 3976 nova
701 3901 737 3974 io
766 3897 844 3976 dies
859 3897 1095 4005 percipiens,
1121 3911 1223 3973 tauta
1243 3900 1430 4003 corporis,

297 4043 480 4150 animique
509 4034 749 4132 contentione
776 4041 812 4118 in
840 4071 964 4120 sacras
992 4043 1137 4119 litteras
1164 4041 1360 4140 incubuit,
1392 4057 1433 4117 ut

298 4181 480 4261 incideret
505 4181 541 4258 in
567 4179 761 4278 morbum,
789 4195 828 4256 et
849 4179 986 4284 pbtbisi
1006 4177 1176 4256 laborare
1192 4177 1430 4259 crederetur.
