3014 5038
304 389 374 468 168

351 539 462 614 Inter
487 536 722 643 plaudentdm
749 535 931 618 Naiadum
957 536 1115 613 choreas

249 671 398 748 Felices
424 671 523 749 dulei
548 690 661 750 cantu
688 672 877 752 celebrare
904 674 1130 782 hymenaeos

354 817 425 892 Est
450 832 580 894 suetus
605 816 785 896 Salomon
811 817 872 894 itte
897 833 981 894 tuus
1007 821 1203 914 proavus,

251 959 476 1064 Magnorum
503 955 653 1034 soboles
679 954 923 1064 pulcherrima
951 953 1202 1032 Jessidarnm:

353 1099 422 1180 Ille
450 1129 554 1180 anaor
579 1101 640 1180 bio
666 1101 789 1178 fuerat
815 1114 961 1198 castus,
986 1083 1028 1174 et*
1049 1097 1171 1174 almus
1194 1095 1360 1202 hymen,

252 1239 371 1344 Cujus
397 1267 507 1345 saepe
533 1269 632 1318 nora
657 1239 760 1346 eapti
787 1235 1121 1316 dnlcedina'oolles
1188 1240 1194 1252 '

353 1379 544 1460 Palmiseri
572 1383 757 1481 exiluere,
784 1399 824 1460 et
849 1385 937 1489 juga
963 1379 1161 1462 oedriiera.
1320 1433 1324 1442 ,

252 1521 306 1594 At
329 1534 396 1616 tu,
422 1520 481 1595 oui
508 1519 618 1598 talern
643 1518 805 1599 satorum
831 1519 1163 1600 arcanadicdrunt

356 1664 538 1774 Nuptam,
547 1665 709 1768 justitiae
737 1665 987 1772 <1)proe'rnia
1013 1691 1146 1770 magna
1173 1677 1286 1757 tuae,

253 1799 291 1880 Ο
316 1802 465 1878 nimiunn
492 1799 578 1878 felix
602 1801 746 1908 gande3
773 1801 845 1878 tibi
872 1801 1005 1880 tradita
1031 1831 1121 1880 eura
1247 1801 1288 1870 ‘T'
1342 1787 1347 1793 Ι

359 1946 464 2024 Illius
491 1960 550 2022 est
577 1974 690 2053 purae
718 1944 906 2054 Virginis,
933 1947 1006 2024 ulia
1031 1943 1099 2022 suit
1136 1952 1140 1960 '

254 2089 339 2192 Qua
366 2116 487 2195 neque
515 2087 709 2166 amabilior
722 2085 898 2194 Superis,
924 2117 1045 2197 neque
1065 2086 1185 2164 carior
1204 2109 1375 2189 usquam,

354 2225 435 2304 Neo
462 2253 568 2332 mage
597 2221 764 2332 virgineo
791 2226 925 2302 nobilis
951 2226 1124 2332 ingenius
1272 2239 1278 2246 '

250 2370 347 2448 Nam
375 2373 634 2478 quodcumque
662 2369 773 2470 sacis,
804 2399 953 2477 quoquo
980 2401 1045 2450 sua
1071 2370 1208 2448 lumina
1236 2365 1377 2462 flectit,

355 2513 543 2592 Admovet
567 2515 629 2592 illa
656 2516 771 2594 virtum
798 2515 966 2594 sensibus
994 2516 1214 2620 omnigenae
1308 2551 1311 2556 ·
1352 2521 1355 2526 '

253 2655 415 2736 Virtutis
442 2660 631 2758 stimulos,
658 2664 821 2767 castique
850 2657 1022 2746 accendit
1048 2659 1183 2736 amotis
1237 2673 1241 2686 '

353 2800 437 2874 Nou
465 2801 566 2903 prius
592 2803 753 2904 expertis
779 2815 866 2878 vota
894 2797 1148 2906 cupidinibus.
1251 2813 1253 2818 '
1342 2808 1346 2818 '

249 2941 359 3019 Nunc
386 2957 507 3016 tamen
536 2943 628 3021 haec
655 2945 784 3022 eadem
811 2959 937 3022 taetus
964 2971 1077 3020 exosa
1104 2943 1250 3040 viriles,

356 3085 547 3189 Certaque
575 3115 649 3164 uon
677 3087 796 3194 tegern
823 3083 993 3193 frangere
1023 3087 1225 3193 virgineam
1357 3129 1361 3138 ·

248 3231 309 3308 Ea
337 3227 471 3306 tibiae
499 3230 642 3328 eredit,
667 3259 737 3312 neo
764 3230 989 3337 dedignatur
1015 3247 1223 3312 amantem.
1298 3233 1309 3252 ”

354 3377 503 3482 Quippe
531 3374 582 3458 illi
609 3375 647 3450 in
675 3389 714 3452 te
742 3403 815 3454 uno
842 3389 951 3452 tanta
976 3389 1128 3483 reperta
1155 3369 1274 3475 bdes,

254 3517 392 3598 Omnia
420 3522 480 3627 qui
508 3537 662 3606 tenerae
690 3535 858 3627 praestes
883 3519 984 3596 bona
1010 3515 1204 3598 oornruoda
1222 3533 1380 3626 nuptae,

355 3660 481 3760 Atque
510 3659 663 3756 eadem,
690 3660 837 3738 intacto
863 3661 1046 3763 corpore,
1070 3671 1178 3733 teuta
1204 3655 1325 3733 colas.

251 3794 309 3870 Ao
336 3795 476 3889 relati⁹
504 3793 728 3899 amplectens
755 3796 895 3890 ritem,
922 3795 1039 3872 ulmus
1066 3795 1187 3872 tristia
1213 3793 1332 3870 flabra

353 3933 586 4029 Ventorum,
614 3933 756 4010 validae
784 3933 944 4010 sustinet
972 3949 1086 4041 atque
1114 3933 1257 4039 hyemis
1386 3927 1394 3946 ¹

242 4147 784 4168 W

300 4175 485 4292 (sploseplr
509 4223 685 4298 πίσω)...
707 4231 779 4272 cum
800 4223 883 4272 esset
900 4212 1007 4290 justus
1030 4221 1084 4272 ete.
1107 4211 1177 4272 Lao.
1199 4229 1258 4293 cap.
1289 4227 1315 4266 1.
1351 4256 1356 4265 .
