3004 5044
335 328 383 420 sl

287 477 436 553 aerario
464 479 631 560 Deorum
659 493 720 558 tot
742 442 921 584 tantaque
948 478 1029 556 loon
1056 476 1172 556 hahet
1199 480 1253 558 ita
1272 469 1426 556 intelle·

289 637 375 719 otu,
410 650 456 698 ne
483 621 603 701 dicam
638 624 760 702 verbis
786 627 908 708 relatu
942 617 1125 724 difficilia,
1161 642 1203 702 nt
1230 623 1424 728 optimum

289 784 471 867 quemque
497 759 739 867 interpretem
767 761 815 840 ab
841 764 1015 869 incoepto
1034 762 1290 840 deterruisset.
1317 753 1423 862 Ope·

289 939 331 990 ra
358 941 471 1011 rero,
496 925 536 986 et
561 911 676 1008 Dies,
702 909 740 986 in
767 906 899 1016 quibos
925 906 1116 989 Hesiodus
1142 907 1224 1012 agit
1246 903 1295 982 de
1323 901 1420 1008 agri·

145 1051 147 1058 ’
291 1056 455 1156 cultura,
491 1059 537 1136 da
563 1059 819 1167 navigatione,
844 1058 891 1136 de
917 1058 1085 1163 justitia,
1115 1059 1266 1164 aliisque
1293 1055 1415 1162 liujus·

290 1201 424 1298 modi,
450 1215 553 1276 oerte
581 1204 792 1280 amoeniora
828 1217 935 1301 suut,
969 1217 1010 1278 et
1041 1202 1090 1278 ad
1124 1231 1279 1311 poeseos
1311 1231 1417 1280 orna·

291 1353 416 1416 menta
441 1340 558 1446 magis
583 1337 849 1442 aooomodata3
885 1339 975 1438 sed,
999 1369 1083 1418 enm
1112 1357 1255 1418 veteres
1280 1341 1417 1418 Hesio·

291 1478 377 1558 dum
404 1477 576 1556 scientiae
615 1477 823 1576 Politioae,
857 1477 1034 1578 Moralis,
1069 1493 1109 1556 et
1140 1479 1415 1575 Eoonomieae,

293 1596 335 1692 ut
354 1617 559 1692 Homerum
585 1643 710 1692 earnm
737 1614 1008 1732 disciplinarum
1036 1618 1219 1715 omniurn,
1245 1646 1339 1723 quae
1367 1615 1415 1692 ad

293 1749 470 1837 humanas
491 1751 657 1830 artiones
677 1756 862 1865 sapienter
880 1753 1121 1832 instituendas
1131 1751 1294 1834 idoneae
1309 1773 1415 1854 sunt,

279 1907 511 1999 parentem,
545 1923 589 1972 ar
616 1895 832 2001 magistram
859 1913 1143 1996 revererentur,
1176 1911 1238 1973 tot
1265 1899 1310 1974 ac
1337 1913 1416 1972 tao·

291 2041 351 2105 tos
369 2026 508 2113 idcireo
534 2059 616 2106 enm
645 2033 839 2139 antiquos,
870 2049 948 2113 tum
976 2049 1147 2114 re-oentes
1172 2037 1415 2142 interpreter,

294 2188 407 2280 atque
435 2173 693 2282 explanatores
719 2176 870 2280 habuit,
897 2193 939 2255 ut
962 2181 1180 2258 acerrimum
1203 2181 1309 2256 unius
1328 2179 1415 2254 Ber·
1443 2176 1445 2180 ’

291 2316 398 2394 nardi
424 2320 598 2426 judicium
624 2325 661 2402 in
688 2339 790 2404 tanta
821 2345 945 2402 rernm
980 2326 1247 2436 discrepantia,
1282 2359 1326 2407 ao
1358 2361 1415 2408 ra·

290 2457 430 2533 rietate
449 2459 606 2538 Hesiodi
632 2476 794 2539 mentem
819 2463 856 2538 in
882 2465 946 2544 illo
972 2467 1249 2574 interpretando
1276 2455 1415 2548 verten-

294 2592 416 2702 doque
454 2599 597 2703 assequi
635 2601 825 2706 potuerit„
864 2597 976 2710 atque
1010 2605 1049 2682 in
1083 2605 1258 2684 immense
1279 2637 1414 2686 rernm

290 2733 477 2848 farragine
503 2769 571 2840 ea,
597 2769 691 2849 quae
719 2742 786 2820 abs
804 2747 1019 2826 re'minime
1038 2743 1187 2850 essent,
1212 2753 1249 2828 in
1270 2750 1334 2829 illo
1352 2781 1415 2830 no·

292 2884 351 2966 bis
375 2887 591 2969 illustrando
617 2901 701 2964 tuto
728 2893 911 2972 retinere.
938 2895 1064 2999 Quare
1084 2893 1266 2976 Bernardi
1282 2883 1417 2994 notae,

294 3067 341 3115 ae
367 3043 654 3158 commentaria,
689 3039 819 3148 quibus
847 3039 986 3148 ringula
1014 3041 1171 3118 Hesiodi
1198 3069 1310 3149 opera
1337 3057 1414 3116 tum

247 3261 250 3266 .
296 3177 335 3254 in
363 3177 582 3274 sententiis,
616 3191 695 3252 torn
721 3179 758 3254 in
786 3175 908 3253 verbis
935 3175 1132 3282 explanat,
1166 3175 1416 3283 illustratque,

294 3317 444 3424 propria
463 3331 549 3392 snnt
576 3315 833 3423 sapientissimi
859 3313 1093 3420 interpretis,
1120 3314 1181 3418 qni
1208 3312 1416 3392 admotam

294 3479 440 3564 semper
465 3453 639 3530 festinans
664 3481 709 3528 ea
736 3458 881 3551 omnia,
907 3483 1001 3562 quae
1027 3455 1063 3532 in
1090 3453 1300 3532 eruditione
1327 3453 1414 3530 licet

293 3599 487 3704 peregrina
513 3627 639 3705 parum
666 3599 714 3676 ad
740 3631 817 3678 rem
848 3600 1010 3700 laniant,
1045 3597 1188 3706 rejicit,
1222 3613 1263 3674 et
1299 3625 1414 3704 asper·

291 3757 423 3821 nator.
453 3745 532 3824 Sed
559 3749 629 3824 sia
656 3763 714 3824 tot
742 3749 923 3853 tantisque
942 3743 1218 3844 difficultatibus
1244 3757 1287 3818 ut
1305 3743 1413 3819 inter·

288 3917 445 3999 pres-ae
472 3905 573 3968 tanta
599 3921 682 3968 rum
710 3891 818 3990 laude
846 3893 1057 3999 expedivit,
1083 3911 1149 3990 nt,
1176 3893 1308 4000 quibus
1327 3923 1413 4003 opos
1443 3889 1447 3898 ⁸

248 4098 250 4104 .
295 4055 400 4106 anons
427 4043 533 4106 antea
562 4031 796 4128 ostenderat,
820 4029 871 4108 illi
901 4031 1140 4110 vehementer
1167 4033 1413 4132 hortarentur,

295 4189 339 4254 et
349 4172 540 4272 Graecum
566 4182 711 4248 tratum¹
727 4167 883 4246 Latinae
912 4169 1072 4248 rerrioni
1091 4185 1320 4276 apponeret,
1343 4199 1411 4276 quo
