3004 5044
351 453 399 504 ao
449 501 452 506 ,

297 567 419 667 modi,
454 581 497 644 ut
522 581 566 644 ut
590 567 868 676 gravissimum,
903 561 981 666 ejus
1006 553 1168 636 humeris
1195 553 1316 657 impar
1345 573 1425 623 nou

298 731 403 802 esse,
437 717 635 812 propterea
663 701 763 809 quod
789 701 939 778 divitem
963 698 1002 774 iu
1028 723 1074 773 eo
1098 687 1237 798 ingenii
1267 715 1427 778 renam,

299 857 342 919 et
366 823 661 948 interpretandi,
687 837 948 943 scribendique
975 861 1080 912 usum
1105 825 1291 934 aequabat
1312 818 1427 929 perle-

299 997 363 1059 ets
398 979 589 1083 utriusque
615 975 761 1083 linguae
788 973 975 1082 cognitio,
1005 992 1234 1074 summopere
1263 957 1428 1038 laetata»

300 1139 388 1221 tur,
413 1121 514 1227 qnod
539 1121 651 1217 civis,
677 1133 717 1194 et
736 1115 934 1224 discipulus
961 1113 1047 1190 clim
1075 1139 1159 1190 suus
1185 1107 1318 1186 eodem
1343 1133 1426 1182 sese

300 1263 339 1336 'ru
366 1259 492 1338 studio
510 1283 685 1336 exercere
703 1255 905 1332 statuisset.
934 1247 1206 1354 Quamobrem,
1230 1257 1427 1353 postquam

298 1413 366 1507 per
392 1399 539 1510 litteras
566 1395 667 1472 illum
685 1393 930 1500 Raymundus
956 1390 1221 1482 admonuerat,
1246 1381 1428 1458 excitare·

300 1559 455 1650 rstque,
492 1559 534 1620 ut
568 1541 779 1645 incoeptum
807 1566 898 1645 opus
924 1550 1097 1643 urgeret,
1137 1531 1427 1642 perficeretque,

299 1688 500 1768 litterariae
515 1685 786 1796 Reipublicae,
811 1703 996 1794 tamquam
1016 1689 1229 1795 Zamagnae
1255 1690 1428 1788 numine,

300 1831 495 1908 notissimo
521 1829 583 1906 illo
609 1829 871 1936 epigrammate
891 1825 1001 1904 Iliadi
1020 1827 1220 1934 praemisso
1239 1827 1427 1934 pollicitus

299 1983 383 2060 est,
417 1965 624 2074 Odysseum
649 1965 754 2044 brevi
780 1992 925 2072 quoque
951 1963 1000 2040 iu'
1017 1963 1136 2042 lucem
1171 1965 1424 2072 prodituram

299 2129 340 2190 at
366 2115 558 2218 Zamsgna
585 2107 751 2214 ejusdem
771 2105 945 2186 Cunicbii
968 2109 1265 2240 exemplo'antea
1285 2109 1426 2208 voluit,

299 2267 343 2328 ut
369 2251 553 2357 specimen
571 2248 757 2357 quoddam
775 2263 950 2346 extaret,
975 2247 1073 2326 uude
1099 2263 1184 2325 tute
1204 2250 1427 2357 perspicere·

299 2411 389 2479 tur,
414 2389 649 2494 quaestione
669 2413 727 2464 res
742 2385 977 2466 Graecorum
996 2389 1327 2494 interpretaretur,
1353 2419 1426 2468 eas·

299 2563 371 2640 que
389 2534 546 2612 Latinas
573 2529 771 2608 redderet.
798 2531 929 2636 Itaque
950 2533 1110 2610 Scotum
1128 2534 1329 2635 Herculis,
1355 2535 1425 2614 boc

300 2687 359 2750 est
386 2699 570 2778 pugnam,
596 2697 703 2775 quam
722 2667 907 2745 Hercules
927 2697 1010 2744 cum
1030 2670 1164 2777 Cycno
1191 2671 1341 2777 babuit,
1378 2709 1426 2756 ex

300 2809 470 2893 Hesiodo
494 2811 629 2890 Latine
649 2835 794 2888 versum
813 2805 924 2884 Senis
944 2807 1083 2909 edidit,
1110 2831 1218 2923 atque
1236 2817 1427 2925 Alpbonro

302 2951 469 3032 Mamilio
496 2953 700 3032 dedicavit.
730 2955 788 3030 lta
815 2983 888 3034 non
916 2957 1035 3034 multo
1055 2973 1139 3064 poet
1156 2958 1348 3038 doctorum
1369 2961 1430 3038 ho-

300 3088 439 3168 ninum
474 3091 614 3196 judicio
649 3089 830 3196 conlisus,
865 3117 975 3204 atque
1007 3117 1157 3180 erectus
1182 3133 1281 3182 anuo
1307 3133 1428 3210 nm.

251 3307 255 3316 ,
302 3233 500 3312 incudem
526 3232 618 3312 urbe
646 3235 828 3316 Senatum
858 3239 1071 3340 Odysseam
1097 3241 1281 3349 vulgarit,
1318 3245 1427 3350 eique

302 3377 492 3478 praemisit
516 3381 764 3488 epigramma,
790 3380 889 3483 quod
908 3377 1029 3480 illiue,
1055 3381 1154 3486 quod
1180 3411 1289 3491 supra
1315 3385 1430 3462 nomi·

300 3523 491 3628 nevimus,
509 3531 825 3636 comparationem
842 3531 992 3608 minime
1013 3527 1227 3612 reformidat
1236 3537 1311 3635 (6).
1335 3541 1432 3618 Cae·

223 3708 228 3718 ·
301 3687 421 3748 terum
447 3701 538 3778 opus
564 3701 668 3750 suum
695 3673 816 3750 Petro
848 3671 1043 3778 Leopoldo
1069 3677 1268 3754 Austriaco
1295 3707 1432 3784 magno

194 3891 198 3900 Ι
301 3810 500 3890 Hetruriae
528 3811 654 3908 Duci,
688 3837 811 3914 aquo
837 3812 962 3916 magui
998 3809 1228 3912 habebatur,
1248 3817 1431 3896 dicatum

302 3949 419 4028 voluit
441 3949 603 4059 longiori
628 3973 717 4028 saue
742 3949 931 4046 carmine,
967 3949 1033 4026 scd
1065 3971 1311 4056 pervenustc.
1350 3959 1431 4063 Nec

305 4097 456 4177 minoris
489 4097 700 4176 babendum
735 4121 869 4171 censeo
897 4091 1160 4197 praelationem
1188 4100 1291 4202 uperi
1327 4129 1429 4206 prae·

302 4243 484 4358 positum,
512 4239 549 4315 in
563 4261 643 4345 ,qua
662 4227 835 4310 Tulliano
855 4259 918 4354 cre
939 4230 1056 4330 multa
1072 4235 1261 4340 supienter
1289 4235 1336 4316 de
1355 4241 1433 4317 llo·
