3032 5034
1089 403 1160 481 ²⁰9

187 526 355 603 Transiit
379 525 497 602 iua'aui
523 525 662 630 percita
690 525 724 600 vi
750 524 924 622 Boreae3
1064 561 1067 568 ·

74 659 215 767 Qualis
242 679 282 738 et
309 663 368 739 ille
395 662 496 766 jacet
520 671 694 768 campus,
721 689 830 767 quem
858 657 1006 736 llumiue
1031 677 1182 741 torrens

185 799 387 906 Praecipiti
415 795 571 878 ellraota
595 799 693 876 mule
720 797 1000 905 supervehitur,

73 937 134 1014 Et
160 953 310 1043 segetes
337 935 531 1043 sylvasque
559 938 678 1044 rapit':
706 935 809 1014 videt
834 939 1049 1034 omnia,'et
1077 940 1162 1016 uuui

185 1082 367 1160 Amissum
394 1079 496 1188 longi
524 1109 626 1186 spem
652 1081 770 1187 gemit
799 1080 983 1186 agricola.
1039 1101 1041 1108 ’
1116 1097 1120 1108 “
1152 1125 1155 1130 ‚

73 1227 229 1304 Parcite
255 1227 327 1330 jam
356 1226 507 1332 Reges3
534 1253 600 1300 vos
627 1239 752 1304 vestra
778 1223 816 1298 iu
845 1223 987 1299 viscera
1014 1220 1150 1300 ferrum

140 1411 145 1420 ·
184 1369 403 1477 Stringitia:
429 1367 523 1444 haec
550 1383 676 1444 vestro
705 1367 881 1474 sanguiue
906 1381 1009 1442 terra
1037 1367 1167 1444 ruhct.

73 1507 137 1584 Au
165 1534 240 1583 auu
267 1507 464 1612 progenies
483 1505 619 1612 Populi
646 1520 732 1582 aunt
757 1498 907 1584 vestra?
933 1507 1011 1582 siue
1038 1505 1108 1580 illis

181 1643 283 1747 Quid
308 1649 413 1750 juvat
439 1645 459 1720 i
489 1643 853 1750 Bactris-imperium
881 1643 929 1720 ad
955 1635 1167 1724 Tenum?-

72 1784 211 1888 Tuque
241 1783 342 1887 prior
368 1783 529 1888 pietate,
556 1780 656 1886 prior
682 1795 724 1853 tu
751 1781 789 1856 ia
817 1779 969 1856 foedera
1000 1780 1153 1886 Cuujux

183 1919 379 2014 Caesaris,
406 1932 445 1992 et
471 1919 613 2022 maguis
640 1915 738 1992 edita
769 1915 995 1992 Caesaribus

72 2063 113 2141 Ο
141 2063 317 2168 Regina,
344 2078 447 2140 tuam
472 2063 547 2166 jam
573 2063 687 2139 teudo
715 2065 753 2139 iu
772 2061 931 2140 'foedera
959 2063 1158 2168 dextram,

178 2207 258 2284 Iam
286 2222 352 2282 tua
382 2207 555 2282 victrices
583 2209 689 2315 sigua
716 2211 846 2288 redire
868 2215 1021 2320 Aquilae
1131 2259 1135 2266 ·

70 2344 183 2420 Alma
207 2342 315 2448 jube:
346 2345 520 2451 Augusto
547 2345 600 2420 sio
628 2361 664 2422 te
691 2375 786 2422 nora
813 2352 991 2452 germine·
1007 2353 1102 2432 ditet

177 2486 248 2564 Illa
273 2489 421 2586 Nouus,
447 2519 519 2596 qua
545 2489 598 2576 uil
624 2505 684 2600 est
710 2491 782 2568 tihi
810 2497 1024 2596 amabilius,
1049 2591 1079 2626 g
1110 2545 1113 2554 ι

70 2633 158 2735 Qua
185 2629 276 2706 nihil
302 2633 338 2708 iu
366 2647 454 2710 toto
481 2635 583 2741 viget
608 2650 765 2742 usquam'
788 2639 974 2744 pulchrius
1002 2643 1117 2743 urhe,

176 2775 283 2877 Quae
310 2789 347 2853 te
375 2777 485 2852 animi
514 2779 675 2888 egregiis
704 2763 851 2858 dotibus
879 2815 949 2862 uua
977 2783 1112 2863 refert.

74 2918 158 2994 Jam
185 2919 311 2994 veniat
332 2919 414 2996 Pax
439 2915 578 3001 sauata:
606 2923 747 3024 redi,o
774 2925 1020 3034 pulcherrima
1041 2931 1202 3032 Divum,

174 3058 298 3162 Atque
325 3057 461 3134 iterum
489 3059 598 3137 terris
627 3062 704 3138 otia
732 3091 819 3140 cara
846 3062 964 3142 reler.

73 3199 131 3276 Te
158 3199 293 3278 circum
320 3198 492 3307 lususque
521 3201 669 3302 volant,
695 3205 887 3313 risusque,
913 3207 1084 3316 joeique3

173 3337 232 3414 Te
260 3337 397 3428 circum
424 3339 553 3443 pennis
579 3339 725 3444 gaudia·
741 3345 936 3450 purpureis

72 3475 279 3558 Luxuriant
303 3507 471 3587 semper:
499 3479 566 3555 tihi
592 3483 715 3588 pictor
740 3487 894 3563 daedala
912 3487 1028 3564 'tellus

174 3625 378 3700 Foecundu
404 3619 515 3699 llores
543 3621 679 3704 educat
705 3627 742 3702 iu
769 3629 934 3736 gremio.

74 3765 165 3846 Nam
184 3761 289 3842 umal
309 3765 535 3842 auricomum
556 3766 720 3844 ostendis
750 3783 863 3875 caput
891 3761 1065 3875 authore,
1084 3778 1204 3886 spicas

171 3908 310 3988 Pulcra
337 3925 470 3986 teneus
496 3909 604 3986 niuea
630 3910 766 3988 nobilis
793 3913 832 3991 iu
858 3919 1013 4018 tunica,

77 4025 263 4128 Coutiuuh
292 4047 436 4146 suavis,
464 4053 536 4153 qui
563 4051 729 4128 tonditur
756 4055 1006 4162 Amphitrite,

170 4187 309 4264 Omuia
337 4181 488 4272 diffusus
515 4213 582 4292 per
608 4185 692 4264 luc'a
719 4191 839 4294 serpit
867 4192 984 4290 odor,
1092 4233 1114 4258 -,

386 4316 429 4405 ¹4
