3004 5044
1064 385 1111 466 33

44 523 142 600 timul
170 539 288 633 atque
307 525 507 632 pervenit‚
533 525 708 634 aietitque
735 553 775 604 ee
802 555 943 638 nummo
969 531 1164 632 Pontifici,

43 693 125 740 cum
141 661 227 760 hic,
253 659 340 739 dum
360 660 460 768 loqui
478 662 539 740 ille
557 679 752 772 coeperat,
777 669 881 772 quari
901 667 1083 750 subintus
1101 703 1163 751 cx-

43 800 239 898 clamaret,
274 825 314 876 rc
347 829 424 879 nou
459 831 703 912 cognoscere⁸
722 805 884 913 legatum
915 809 1161 915 Reipublicae

42 939 300 1041 Rtaomim,
324 971 419 1050 quae
437 941 526 1049 quid
544 945 613 1022 eibi
631 948 669 1024 in
687 973 732 1023 ea
750 973 791 1022 re
810 943 1017 1025 laciendum
1041 965 1159 1048 emet,

41 1079 112 1184 jam
129 1079 247 1190 probe
263 1081 428 1181 sciebat,
452 1095 494 1159 at
520 1081 882 1190 scioccamente,
907 1086 1046 1196 iuquit,
1073 1091 1161 1166 Ber·

41 1216 194 1297 nardum
212 1219 441 1328 Zamagnam
456 1221 709 1304 Rhacuainum
736 1239 838 1304 certe
857 1227 1072 1334 cognoscit:
1099 1227 1161 1304 cui

43 1361 235 1441 subrident
253 1362 433 1480 Pontifex·
456 1395 589 1475 magna
615 1366 789 1468 honoria,
815 1385 855 1446 et
878 1369 1160 1448 benevolentiae

42 1503 254 1580 testimonia
278 1501 401 1580 verbio
426 1503 692 1582 humauireimir
710 1504 837 1604 (ledit,
863 1521 904 1582 et
922 1505 1038 1584 libere
1057 1509 1159 1616 loqui

42 1647 84 1725 tle
108 1675 153 1724 rc
179 1671 306 1752 partun
332 1661 412 1745 eat,
437 1645 492 1724 ita
518 1663 560 1726 ut
582 1655 775 1755 negotium
802 1649 892 1726 illud
919 1651 1002 1729 dein
1016 1649 1158 1730 facilior

43 1785 85 1885 aul
111 1800 276 1892 optatum
303 1785 440 1864 exituro
466 1783 747 1892 perduceretur.
774 1787 919 1864 Romae
938 1804 1067 1880 certe.
1094 1787 1159 1864 ubi

41 1922 254 2030 perplacet
286 1947 433 2000 menter
467 1918 659 2014 constitit,
692 1919 783 1998 nilril
816 1921 870 1998 illi
901 1928 1046 2030 gratior
1072 1953 1159 2003 con·

40 2063 143 2169 ugit,
167 2089 276 2168 quam
303 2085 429 2134 rurour
453 2067 513 2148 tor
538 2054 702 2134 uirorum
727 2071 769 2132 ct
793 2057 1010 2156 nobilitate,
1035 2075 1075 2134 et
1098 2061 1161 2137 do·

41 2207 154 2283 ctrina
180 2195 597 2309 praeatanta‘raimorum,
631 2194 764 2303 quibua
789 2195 1013 2280 hmiliariter
1047 2217 1161 2280 autea

42 2375 121 2428 uana
158 2365 274 2450 erat,
309 2349 494 2454 alloquio,
528 2363 569 2425 et
601 2345 784 2423 societate
809 2374 918 2456 pocae
950 2343 1041 2426 lrui.
1077 2351 1159 2434 Sed

42 2492 251 2600 pleramque
286 2491 359 2568 diei
384 2505 530 2598 partem
555 2517 641 2568 cum
666 2489 814 2588 amicir,
847 2504 887 2568 et
919 2489 1157 2598 popularibus

42 2642 106 2718 ruia
134 2636 331 2718 carissimis
359 2633 565 2714 Benedicto
592 2636 738 2742 Stayo‚
764 2647 804 2710 et
830 2631 1055 2742 Raymuudo
1082 2639 1157 2718 Cu·

41 2781 162 2860 nichio
188 2775 446 2887 transigebam
472 2805 544 2856 nec
568 2779 723 2876 mirum,
749 2776 874 2884 qnod,
897 2807 980 2857 cum
995 2779 1157 2888 ipaiunl

42 2925 142 3003 timul
167 2923 306 3024 rheda,
341 2923 400 3000 vel
425 2921 580 3032 pedibus
606 2947 673 3028 per
698 2920 836 2998 urbem'
857 2921 1158 3028 deambularent,

43 3069 141 3176 quari
175 3095 255 3146 aure
280 3080 356 3144 tam
381 3065 562 3144 illustrem
587 3063 859 3142 triumuiratum
893 3068 1100 3176 coegisset,
1135 3102 1158 3149 a

43 3209 359 3318 praetereuntibus
384 3237 458 3286 uon
485 3209 564 3285 eine
582 3207 824 3287 admiratione
842 3207 957 3318 digito
978 3227 1159 3292 munrtra·

42 3377 185 3440 rentur.

87 3497 274 3582 xxvfl.
303 3495 507 3576 Caeterum
534 3507 576 3568 et
602 3491 714 3588 aliia,
739 3489 826 3568 clam
854 3491 966 3574 Senis
992 3497 1159 3602 privatur
1328 3585 1332 3596 ¹

46 3645 204 3754 agebat,
239 3639 402 3720 Senatus
437 3631 672 3716 Rhacueinua
708 3635 889 3711 Ber-nardi
924 3665 1037 3742 opera
1072 3669 1160 3719 naun
1329 3680 1334 3688 ·

46 3799 137 3883 erat3
164 3777 289 3889 quod,
313 3803 397 3852 oum
422 3773 459 3849 in
486 3769 645 3878 patriam
670 3798 843 3880 magnum
870 3771 948 3878 ejus
973 3775 1160 3894 etodium,

44 3941 82 4003 et
105 3923 323 4004 charitatem
357 3913 576 4026 patefaciat,
610 3913 760 3993 cilentio
796 3915 937 3994 idcireo
966 3915 1161 4025 praeteriri

45 4102 113 4150 non
129 4069 266 4148 debet.
285 4065 421 4144 Petrae
439 4055 654 4166 Leopolalur
671 4057 864 4138 Archidux
877 4061 1054 4136 Austriae
1074 4085 1159 4134 curu

45 4239 190 4324 magnae
208 4205 406 4290 Hotruriae
426 4205 520 4284 Dux
545 4217 696 4278 creatur
721 4199 871 4296 luiarct,
897 4217 938 4276 et
963 4199 1158 4306 plurimum

347 4347 369 4422 3
