3014 5038
338 383 407 472 ulli

394 515 692 602 Perhonorobr'lr'
714 522 797 589 viro
807 568 821 604 ,
846 538 895 588 ao
921 515 1087 590 Domino
1114 514 1316 590 Frirlerwo

645 663 784 737 Comici
810 658 1043 767 Guilsordrb.

283 847 520 1030 Guillordi
548 945 763 1041 Fridericca
790 945 852 1021 lux
879 943 1121 1034 Britannum,

281 1094 365 1172 Janr
393 1089 551 1186 morbo,
578 1105 619 1164 et
645 1090 751 1166 senio
775 1089 897 1196 gravis
925 1087 1142 1194 Zamagna,

280 1233 401 1332 Quem
430 1243 502 1304 tarn
531 1227 739 1302 humaniter
766 1224 1042 1330 alloquutione‚

278 1367 333 1444 Et
362 1365 460 1444 vultu
488 1365 686 1462 recreasti,
713 1363 776 1440 ubi
804 1363 851 1438 ud
876 1363 1074 1440 Rbucusee

278 1501 426 1580 Vectus
454 1503 599 1580 moenia
625 1531 692 1608 per
718 1501 834 1575 sinum
864 1501 1089 1595 Albianum,

278 1641 471 1741 seberto,
498 1671 542 1720 eo
569 1643 700 1722 Tiberi
729 1643 857 1748 procul
883 1641 1039 1738 relicto,

278 1779 449 1878 Venisti3
475 1779 536 1860 illc
563 1795 630 1856 tua
655 1779 887 1885 benignitate

277 1925 339 2004 lta
366 1942 425 2004 eet
453 1939 607 2032 captos,
635 1942 678 2000 ut
705 1925 828 1998 omniu
855 1924 1052 2029 impetrare

276 2077 415 2180 Speret
442 2101 572 2182 posse,
600 2069 742 2174 sibique
771 2072 957 2178 polliceri.

275 2215 403 2320 Quare
431 2229 471 2291 tc
497 2229 632 2322 rogat,
660 2213 931 2318 obsecratque,
957 2206 1131 2314 Ulyssem

274 2361 376 2441 An
403 2357 644 2442 Romulidum
673 2385 737 2435 ore
765 2356 988 2472 perpolitum
1066 2409 1068 2414 -

276 2500 400 2576 Cures
427 2529 523 2578 nuuc
551 2502 687 2578 iterum
716 2494 908 2581 venire'in
935 2535 1017 2582 orus

273 2642 399 2740 Solis,
416 2657 535 2749 etque
563 2674 696 2722 novam
723 2647 898 2726 inchoare
926 2651 1040 2728 vitam

272 2787 497 2889 Impressum
525 2804 606 2867 arte
635 2789 707 2868 leri
733 2792 1057 2901 Tipograplrorum

272 2933 511 3011 Vestratum.
540 2933 587 3009 Id
614 2963 724 3038 prece
751 2937 782 3012 ri
810 2967 949 3018 annues
977 2951 1154 3038 vocatus,

271 3071 498 3178 Pergratum
525 3066 658 3166 lacius,
685 3084 725 3143 et
750 3069 955 3178 obligatum

270 3219 358 3324 lpse
386 3240 425 3290 re
453 3209 524 3286 tibi
553 3227 591 3286 ct
616 3241 696 3291 esse
725 3213 977 3322 praedicabit,

269 3355 323 3440 Et
347 3349 424 3439 frte
452 3352 507 3430 bie
535 3351 679 3460 profugi
706 3353 837 3436 diebus
865 3358 969 3454 aevi,

271 3495 314 3570 Si
344 3523 435 3606 quos
461 3489 521 3570 fila
549 3494 660 3570 trium
689 3493 831 3571 dubunt
856 3525 1044 3576 sororum.

270 3627 330 3709 Illi
357 3629 429 3710 boo
456 3631 600 3711 difficile
630 3647 708 3730 εει,
735 3631 878 3742 tibique
906 3651 1040 3712 contra

267 3782 341 3858 Est
369 3809 596 3888 pronumque
624 3781 928 3889 facillimumqrre‚
955 3797 1062 3867 tanta

268 3925 442 4004 Florenti
471 3921 663 4004 Artificum
690 3955 798 4002 manu
826 3929 995 4031 sequaci.

270 4065 313 4144 Si
342 4059 430 4140 ver'o
459 4061 666 4160 Hesiodum
696 4063 783 4136 velis
810 4067 1000 4162 Homero,

269 4202 322 4284 Et
348 4214 448 4280 vates
477 4195 625 4276 Siculos
652 4199 767 4298 (item
793 4201 930 4280 Latine
