3004 5044
405 287 452 366 36

355 467 436 518 eam
463 433 589 540 coepit
616 435 728 510 vitam
756 429 903 526 vivere,
928 457 999 535 qua
1019 429 1109 509 nibil
1125 427 1265 506 felicius
1291 427 1349 526 (ei
1379 425 1475 534 quid-

350 573 459 686 quam
483 576 565 654 bein
589 574 627 650 in
654 575 761 650 terrie
786 565 873 648 latix
898 581 979 674 est)
995 589 1131 652 mente
1150 587 1304 679 poterat
1330 567 1467 676 effingi.

243 743 257 762 “
351 723 481 802 Omnia
509 738 634 800 autem
660 719 738 827 ejus
765 726 864 802 uitae
883 722 978 800 ratio
998 733 1086 796 erat
1102 717 1332 825 hujusmodi.
1359 721 1467 798 Mane

349 875 473 936 totum
499 857 576 936 lere
603 860 651 937 ab
678 888 724 938 eo
750 860 844 936 inter
872 855 1073 954 orandum,
1099 869 1139 930 et
1162 854 1360 960 legendum
1381 851 1468 932 inan·

350 999 549 1103 uebatur,
576 1033 660 1082 eum
685 1003 823 1082 nemini
850 1001 925 1080 lere
953 999 1000 1076 ad
1024 999 1166 1106 ipsum,
1195 997 1266 1072 uiri
1292 999 1467 1104 gravioria

348 1145 564 1240 telenum,
591 1140 709 1220 aditae
737 1153 905 1245 pateret3
931 1135 1053 1249 paullo
1082 1151 1170 1242 ante
1189 1133 1383 1214 meridiem
1411 1135 1466 1214 do·

346 1317 409 1364 mo
437 1282 631 1390 egrediens
667 1283 702 1358 in
731 1279 835 1359 Aede
862 1279 935 1358 divi
963 1278 1154 1359 Franciaei
1181 1279 1301 1358 Sacro
1335 1280 1465 1356 intere·

346 1439 428 1522 rat,
453 1421 626 1528 lautaque
652 1445 724 1496 non
744 1417 857 1525 longa
875 1415 1196 1514 deambulatione,
1220 1418 1463 1525 propinquos,

347 1576 389 1636 et
425 1560 564 1636 amieos
600 1554 866 1645 conveniebat.
904 1559 940 1634 Α
975 1555 1153 1662 prandio,
1186 1575 1273 1666 post
1308 1555 1463 1666 paullum

348 1705 505 1812 quietim
531 1731 654 1782 sacras
679 1700 906 1810 insequentia
932 1702 1008 1780 diei
1033 1730 1163 1812 precer
1181 1699 1392 1799 recitabat,
1418 1713 1464 1776 at·

345 1876 418 1955 que
444 1849 490 1924 iia
516 1863 644 1956 postea
664 1845 920 1946 familiariter,
949 1845 1158 1957 blandeque
1185 1847 1381 1947 utebatur,
1407 1846 1464 1954 qui

202 1995 205 2006 '
347 1995 465 2100 iprum
485 1990 645 2070 adirent.
667 1989 749 2068 Sub
769 2019 957 2098 vesperam
976 1992 1230 2072 inambulabat
1246 1993 1413 2101 longina,
1428 2003 1464 2064 et
1480 2061 1481 2064 ,

343 2137 480 2242 primae
506 2134 655 2212 tandem
680 2135 804 2212 auctir
830 2133 939 2212 horas
964 2137 1068 2214 vario
1094 2165 1263 2215 sermone
1297 2135 1463 2214 traduce·

342 2276 411 2354 bat
434 2307 548 2384 penes
574 2277 841 2357 amantissimos
867 2278 921 2356 aui
939 2277 1133 2386 patricium
1152 2281 1269 2358 virum
1286 2284 1463 2364 Ornatam

342 2420 555 2527 Ragniuam
581 2419 682 2496 illum
707 2421 913 2517 seniorem,
948 2437 989 2498 et
1023 2423 1265 2502 Catharinam
1297 2427 1460 2505 Bondam

327 2555 422 2666 ¹ejus
448 2555 670 2664 conjugem3
707 2585 862 2664 quorum
889 2559 1042 2659 dumus,
1073 2588 1120 2638 eo
1146 2563 1245 2668 quud
1270 2579 1395 2640 errent
1417 2563 1463 2642 la·

343 2695 486 2776 cillimiu
512 2697 699 2798 muribus,
726 2717 765 2776 et
784 2702 1007 2781 humanitate
1026 2691 1225 2811 singulari,
1250 2735 1325 2785 nun
1345 2711 1460 2789 solnm

350 2836 400 2916 ab
438 2837 612 2936 advenis,
647 2855 688 2916 et
715 2837 936 2946 primoribus
962 2841 1151 2942 civitatis,
1186 2845 1250 2924 sed
1280 2852 1390 2928 etiam
1416 2851 1463 2930 ab

341 2971 503 3052 aliorum
540 2975 710 3054 ordinum
738 2975 945 3084 bominibus
971 2985 1115 3062 assidue
1140 2983 1462 3094 frequentabatur.

343 3117 568 3222 Venationia
606 3147 722 3227 quam,
741 3122 803 3227 qui
830 3124 987 3203 maxime
1013 3155 1140 3206 amana
1168 3143 1294 3208 toturn
1328 3149 1463 3213 autum-

341 3287 429 3338 num
465 3287 548 3338 eum
583 3253 717 3334 famulo
745 3257 902 3364 quodam
934 3289 1023 3360 auo,
1058 3279 1234 3344 venatore
1269 3269 1463 3352 celeberri-

341 3431 427 3502 mu,
453 3428 562 3511 quem
591 3401 768 3482 Saunium
794 3403 956 3480 Pansam
982 3405 1166 3509 vocabat,
1200 3413 1277 3488 ruri
1305 3415 1463 3524 agebat3

341 3565 414 3614 nee
440 3554 519 3640 eat,
544 3540 645 3648 quod
670 3540 753 3621 heic
772 3571 843 3648 ego
863 3541 1035 3642 reseram,
1060 3561 1236 3650 quantum
1262 3550 1316 3629 illi
1342 3553 1389 3632 ad
1408 3587 1464 3634 va·

342 3675 543 3756 latudinem
578 3679 756 3784 ejusmodi
784 3679 1005 3758 exercitatio
1031 3681 1244 3787 conferret,
1282 3717 1461 3802 quamque

341 3823 441 3900 laete
477 3817 549 3902 hue
583 3823 668 3900 anni
695 3835 863 3925 tempore
891 3827 968 3902 ruri
995 3829 1159 3931 viveret,
1193 3861 1275 3912 cum
1312 3863 1363 3914 ex
1387 3837 1461 3944 ejus

342 3963 499 4074 epistola
534 3964 582 4042 ad
619 3965 862 4044 Catharinam
895 3969 1106 4077 Ragninam
1141 3973 1231 4053 data
1265 3975 1307 4053 id
1341 3981 1462 4096 colligi

341 4110 488 4192 abunde
515 4111 647 4218 posuit.
686 4111 786 4190 Cum
820 4107 932 4190 lirmis
958 4111 1019 4190 ille
1046 4116 1278 4202 adhue·erat
1304 4123 1462 4236 uiribus,
