3014 5038
1087 405 1149 481 181

84 527 259 639 Objeetu
286 552 326 614 et
349 537 460 615 radiis
486 539 690 647 intercipit3
717 538 799 641 ille,
826 541 970 620 corusci

191 674 425 781 Quamquam
451 678 657 787 intercepta
683 695 786 787 parte
813 679 910 756 latet
933 676 1101 782 jubaris‘‚·

12 927 20 936 ἱ
82 811 203 890 Hand
230 829 356 892 tamen
383 821 532 896 omnino
554 821 722 926 tegitur⁹
749 817 994 922 nebulamqne
1013 847 1079 924 per
1097 819 1212 924 ipsam

189 950 333 1027 Fundit
359 954 581 1031 inextinctas
608 957 698 1036 lueis
726 961 773 1038 ab
801 983 871 1030 axe
897 957 1015 1036 saeer-

85 1089 167 1168 Sed
196 1094 305 1170 Deus
331 1111 390 1172 est
418 1097 565 1204 quando
593 1131 683 1208 puer
702 1101 843 1202 editus,
870 1100 1000 1182 heicue
1026 1092 1191 1206 jacebit?

189 1235 271 1312 Neo
297 1238 417 1314 minus
443 1240 514 1318 boe
541 1239 663 1322 luerat
691 1246 771 1325 vilis
798 1248 837 1322 iu
866 1245 957 1324 orbe
985 1240 1114 1324 lorus?

89 1377 190 1456 Heio
216 1379 356 1488 igitur,
383 1384 529 1494 Virgo,
556 1386 639 1468 heio
668 1395 768 1470 iuter
795 1391 945 1470 deserta
970 1390 1132 1466 lerarum

191 1523 331 1602 Lustra
356 1529 541 1634 pruinosis
567 1533 693 1635 pervia
719 1529 950 1630 flaminibus,

90 1665 204 1773 Rupe
232 1667 299 1745 sub
326 1669 396 1748 bae
423 1671 563 1748 scabris
589 1674 836 1781 pendentibus
863 1681 1023 1785 undique
1050 1677 1177 1785 toplris

192 1813 322 1890 Nudus
349 1814 385 1888 in
412 1817 550 1922 agresti
578 1822 755 1896 stramine
783 1851 849 1926 pro
878 1822 997 1920 riola,

87 1947 169 2028 Pro
195 1950 296 2026 molli
324 1955 511 2052 narcisso,
538 1985 604 2061 pro
631 1958 823 2064 languenti
848 1959 1051 2066 hyacintho

194 2095 275 2171 lste
302 2110 389 2170 tuus
414 2115 529 2200 ponat
556 2097 678 2174 lactea
706 2097 868 2175 membra
894 2095 1011 2206 puer?
1030 2143 1041 2166 .-

87 2247 255 2326 Humani
282 2244 341 2322 ille
370 2243 465 2320 salus
491 2246 638 2350 generis
665 2269 819 2352 spesque
847 2244 977 2339 unica,
1003 2243 1113 2348 longe

194 2383 299 2460 Proh
327 2380 453 2460 dolor!
481 2381 639 2458 humano
667 2380 790 2488 pulsus
818 2381 865 2457 ab
893 2380 1055 2487 bospitio
1072 2394 1214 2478 επις...

85 2531 144 2609 Et
168 2528 314 2626 ιτειηίι9
341 2541 380 2604 et
404 2523 527 2634 gelida
552 2529 653 2632 ragit
679 2526 865 2634 projectus
892 2527 928 2602 in
956 2525 1062 2623 ulva,

193 2671 318 2744 Aurea
347 2665 491 2744 sidereo
518 2667 577 2742 nni
601 2667 714 2743 micat
740 2697 807 2748 axe
836 2666 984 2743 domus.

89 2815 148 2892 Te
176 2827 298 2888 tamen
326 2807 424 2886 haud
450 2806 589 2916 pudeat
613 2808 675 2884 rili
702 2812 889 2918 peperisse
917 2810 985 2887 sub
1014 2825 1150 2906 antro,

191 2957 335 3034 Tantus
354 2955 417 3030 ubi
437 2971 495 3030 est
514 2952 654 3052 infans,
679 2968 854 3061 tantaque
873 2954 936 3031 ubi
957 2970 1014 3032 est
1031 2953 1216 3062 genitrix3

91 3091 159 3169 Ille
187 3093 287 3199 capit
314 3090 443 3188 sedes,
470 3090 647 3198 quidquid
672 3090 864 3169 formosius
891 3120 1049 3199 unquam
1078 3105 1157 3187 εει,

191 3235 261 3314 Ille
288 3237 374 3342 ipsis
401 3235 530 3312 domus
558 3250 617 3310 est
644 3235 786 3312 aemula
814 3233 1017 3314 sideribus.

93 3375 192 3480 Quin
220 3377 328 3450 etiam
355 3387 502 3479 tempus
528 3373 677 3464 reniet,
704 3401 814 3476 quum
841 3373 994 3476 rupibus
1022 3371 1124 3444 bisce

180 3513 364 3588 'inrideat
388 3525 535 3587 tantum
562 3513 720 3590 maxima
746 3523 846 3584 terra
873 3508 1009 3602 decus:

90 3657 220 3754 Nilus,
248 3672 286 3732 et
309 3651 547 3760 Euphrates,
573 3655 697 3742 Ister,
724 3651 910 3753 llavusque
939 3651 1157 3744 Garumna,
1255 3643 1262 3654 ’

110 3789 119 3808 1
194 3793 262 3871 Ille
290 3823 390 3871 suam
420 3797 635 3902 Aegyptum
664 3791 826 3886 oblitus,
851 3786 913 3862 bie
941 3787 1178 3882 Armeniam,

89 3938 343 4018 Tbeutonicas
370 3966 474 4014 arces
502 3938 587 4035 alii,
615 3933 840 4040 Gallumque
867 3949 1084 4042 potentem,

81 4119 85 4130 ·
191 4079 280 4152 Hae
307 4073 419 4152 {luere
447 4073 629 4152 undisono
655 4074 804 4150 tramite
833 4101 940 4177 quarn
969 4069 1171 4176 cuperent!

91 4221 214 4321 Quam
243 4211 349 4318 riguo
376 4239 484 4318 rupes
512 4211 667 4288 adtactu
693 4208 759 4284 bas
785 4203 973 4282 lambere!
1000 4205 1159 4324 dumque
