3014 5038
191 483 196 492 .
793 491 808 508 ,,
912 501 916 510 ,
1075 384 1146 502 '¹8⁹

8 553 9 564 ¹
68 531 272 639 Quamque
292 534 365 612 alto
384 535 587 616 absorbens
612 540 1027 639 aerumnae(1)rortiue
1054 563 1198 614 amaror

179 672 319 750 Tristis
345 675 383 748 iu
411 675 674 783 abruptum'te
701 675 842 786 pepulit
865 671 1101 752 barathrum!

68 807 173 885 Nam
194 809 281 885 milri
302 809 391 917 quid
410 819 635 914 matrem(2)
653 827 861 892 memorant
880 805 1075 889 Ismadlis?
1099 809 1198 886 illum

181 945 308 1050 Quid,
334 949 411 1024 nati
437 965 636 1056 postquam
664 951 725 1052 (3)
752 953 970 1060 sanguineas
996 945 1125 1024 retulit
1175 949 1180 961 '

73 1081 244 1160 Exuvias
270 1079 436 1162 lraterua
461 1114 614 1188 manus,
638 1106 784 1200 patrem
812 1103 1046 1168 externatum

180 1219 235 1296 Et
264 1223 426 1327 gemitu,
453 1239 494 1300 es
521 1223 625 1301 luctu
651 1206 867 1334 perditum?
892 1243 1048 1332 uterque
1076 1223 1183 1302 dolor

72 1367 261 1472 Magnus,
289 1379 329 1440 at
356 1367 576 1473 aequandus
594 1397 669 1446 nou
696 1372 779 1448 isti:
806 1373 922 1448 vineis
949 1385 991 1446 ut
1018 1397 1145 1446 omues

181 1509 305 1589 Prolis
332 1537 482 1609 amore,
509 1511 585 1618 ipsa
614 1530 652 1589 et
677 1517 867 1592 moestitia
894 1544 1067 1623 superas,
1183 1499 1185 1506 ⁵

77 1651 117 1728 0
143 1665 287 1749 matam
314 1651 403 1758 quid
427 1653 500 1756 jam
528 1645 673 1726 mater?
698 1665 741 1726 tu
768 1683 814 1731 ne
842 1653 903 1730 ills
931 1651 1066 1750 besta,

183 1785 360 1866 Aetheria
387 1802 427 1864 et
453 1786 538 1869 felix
566 1789 666 1864 dieta
694 1819 826 1896 pareus
854 1795 1006 1889 sobole,

78 1927 188 2004 Tune
216 1926 316 2001 illum
345 1926 537 2023 edideras,
564 1955 636 2031 quo
663 1957 738 2004 nou
764 1925 958 2004 formosior
985 1929 1101 2030 alter,

181 2063 268 2140 Nou
296 2063 442 2138 eratin
470 2063 581 2138 terris
609 2063 705 2140 alter
732 2061 950 2142 amabilior?

79 2205 169 2280 Heu
195 2201 345 2278 nimium
373 2199 496 2280 brevis
522 2199 583 2276 ille
611 2199 679 2276 suit
704 2199 840 2298 decor,
867 2201 937 2276 heu
964 2203 1113 2280 nimium
1137 2204 1204 2282 llos

186 2339 256 2416 llle
284 2341 362 2416 cito
389 2367 474 2416 casu
503 2337 645 2448 languit
671 2339 846 2418 aridolus.
922 2375 927 2382 ·

82 2477 118 2558 0
146 2475 211 2556 ubi
239 2471 419 2554 caesaries
446 2478 540 2556 llavu
567 2495 648 2577 est,
676 2479 739 2556 ubi
765 2479 925 2577 candor,
953 2497 992 2558 et
1014 2481 1074 2559 ille

184 2619 398 2720 Purpureus
424 2614 535 2691 niveo
562 2617 696 2692 mixtus
721 2617 758 2692 iu
786 2645 851 2694 ore
879 2614 1011 2695 color?

84 2754 203 2864 Quale
231 2755 324 2830 rosis
352 2753 409 2830 lua
435 2754 599 2860 puniceis
626 2755 656 2830 si
682 2757 883 2859 sparserit,
909 2771 974 2833 aut
1001 2757 1032 2832 si

183 2893 302 2972 Ostro
330 2887 564 2968 inflammarit
591 2891 824 2972 candidulum
851 2895 931 2998 quis
959 2895 1069 2970 ebur.

84 3043 152 3124 Illa
180 3041 244 3126 ubi
273 3036 423 3116 delituit
450 3029 620 3150 species?
646 3037 708 3120 ubi
736 3039 894 3146 lumina,
920 3043 1020 3123 sidus

78 3346 563 3377 m

172 3497 218 3572 (t)
231 3497 317 3556 Juxta
341 3491 413 3556 illud
436 3491 512 3558 Thr.
531 3515 558 3556 2.
581 3491 702 3572 Magna
714 3505 763 3552 est
773 3490 864 3552 veluti
885 3509 972 3550 mare
995 3489 1136 3568 contritio
1159 3497 1212 3548 tua

86 3593 137 3651 elz·
169 3602 238 3652 cum
268 3582 350 3668 prius
371 3580 490 3653 dixisset
512 3585 619 3646 tuem.
640 3599 671 3644 :t
712 3581 771 3642 Cus'
792 3577 974 3641 assimilabo
1004 3589 1051 3652 to,
1084 3588 1139 3635 aut
1161 3577 1213 3636 cui

87 3671 269 3756 exaequabo
292 3687 342 3748 te,
366 3673 460 3752 Virgo
483 3684 536 3734 etc.

175 3765 222 3842 (2)
245 3757 376 3844 Intellige
399 3764 497 3843 Agar,
518 3752 601 3847 cujus
623 3755 653 3819 iu
676 3757 779 3821 Genus.
802 3755 836 3818 fit
858 3749 985 3816 mentio.
1010 3754 1080 3838 Cap.
1107 3753 1155 3816 15.
1181 3837 1188 3850 ι

174 3845 218 3924 (3)
244 3845 394 3910 Tuleruut
415 3860 512 3911 autem
539 3845 665 3910 tunicam
699 3841 783 3937 ejus,
816 3856 847 3906 et
879 3841 909 3904 iu
942 3839 1077 3926 sanguiue
1107 3838 1213 3916 hoedi,

88 3953 174 4020 quem
196 3933 381 4012 occiderant,
403 3936 552 4000 tinxerunt
562 3981 651 3999 .....
684 3932 843 4020 scissisque
865 3929 1008 4008 vestibus,
1029 3927 1149 3994 indutus
1170 3940 1214 3988 est

91 4021 224 4100 (Jacob)
248 4021 339 4094 silicio
362 4021 462 4109 lugens
486 4023 578 4088 filium
599 4047 686 4092 suum
709 4021 862 4108 (loseph)
886 4017 979 4086 multo
1001 4031 1151 4104 tempore·

89 4105 179 4172 uoluit
200 4107 422 4174 consolationem
444 4112 590 4199 arripere:
617 4112 667 4175 sed
689 4111 729 4174 ait
740 4159 750 4188 ,
772 4105 988 4173 dasoundamad
999 4103 1092 4168 filium
1114 4121 1212 4162 meum

87 4195 183 4283 lugent
205 4196 237 4260 in
257 4194 403 4262 infernum
425 4215 477 4270 eto
502 4207 612 4264 Genes.
641 4223 686 4280 ¹7·
709 4223 777 4282 cap·
