3014 5038
1067 339 1078 384 r
1115 315 1135 387 5

162 442 235 519 Ad
250 443 483 540 raphaelem
500 442 710 520 Antonium
730 448 894 523 Miehiel
913 311 1111 526 Ῑῖἱεῑιινὶ.4
1243 555 1246 562 Ι

53 621 262 800 Vitturi
289 720 441 830 Illyriae
465 719 575 827 jubar
602 725 802 825 decorum,

53 861 184 940 Multa
210 875 252 937 et
278 859 431 966 cognite
457 856 566 936 laude
593 861 807 959 literarum,

54 997 174 1101 Quod
200 999 359 1076 Thuseis
386 997 555 1078 celebras
581 1029 684 1078 meos
711 1001 856 1078 sodales

56 1144 196 1222 Doctiu
223 1143 285 1253 pol
310 1145 497 1243 numeris,
523 1162 565 1222 et
591 1148 748 1224 eruditis

56 1291 121 1366 Ad
151 1293 259 1369 vitam
285 1289 465 1388 reduces,
492 1289 678 1398 decusque
705 1293 880 1400 primum,

57 1436 107 1512 ld
134 1453 239 1512 certe
267 1435 423 1544 volupe„
448 1435 486 1514 id
513 1435 601 1512 mihi
627 1437 788 1546 benigne

56 1581 223 1660 Fecisti.
253 1581 356 1688 Quid
382 1581 478 1656 euim
505 1578 564 1655 vel
590 1609 671 1658 esse
699 1613 828 1681 suave,

57 1721 136 1800 Vel
163 1749 286 1798 carum
313 1737 402 1829 pote
429 1722 480 1796 mi
505 1723 646 1828 magis,
674 1722 753 1799 vire
780 1750 890 1827 quam

55 1866 92 1939 Α
121 1873 222 1936 tantu
251 1858 372 1938 sueiuu
398 1885 501 1936 meus
528 1859 642 1952 cieri,

54 2005 321 2110 Dileetamque
348 2029 468 2078 meam
493 2001 566 2079 coli
592 2018 790 2107 parentem

54 2150 90 2226 E
119 2152 239 2259 nigris
265 2152 399 2226 iterum
426 2134 586 2224 excitam
614 2145 815 2226 tenebris?

55 2300 138 2378 Sed
165 2301 259 2408 petis
286 2299 409 2404 quod,
436 2301 575 2395 amice,
605 2327 679 2407 ego
706 2315 748 2374 ut
771 2299 895 2378 latinis

53 2437 276 2544 Exprimam
303 2435 466 2512 numeris
492 2437 543 2512 ita
570 2435 762 2542 eleganter

53 2577 167 2678 Quae
195 2573 347 2656 Thuseu
372 2573 485 2651 modu
512 2575 675 2652 earmiue
703 2575 893 2674 extulisti,

23 2824 28 2834 Ι
54 2715 105 2790 ld
131 2712 223 2792 mihi
251 2727 334 2811 est,
359 2709 500 2811 sateur,
526 2708 640 2822 graue
668 2741 712 2792 ae
738 2715 958 2814 molestum,

54 2860 142 2938 Non
170 2859 272 2966 quud
298 2861 370 2936 hee
397 2886 548 2936 renuam
576 2857 645 2934 tibi
671 2861 820 2966 roganti
957 2946 963 2956 Ι

54 3004 256 3080 Praestare
283 2997 525 3106 obsequium,
552 2997 618 3074 sed
644 3025 756 3105 aegra
784 3000 884 3104 quud
910 3027 1014 3079 mem

56 3142 282 3223 Jamdudum
310 3142 413 3220 senio
439 3139 568 3218 labeus
594 3155 781 3218 retractet

54 3283 199 3362 Omnes
226 3281 400 3378 delicias,
426 3280 531 3384 joeos
558 3295 598 3356 et
626 3305 778 3379 omues,

56 3421 251 3498 Inrueram
279 3418 410 3529 quibus
437 3419 475 3492 in
503 3443 584 3492 mea
609 3417 784 3521 juventa.

56 3569 186 3670 Quare
213 3595 235 3642 a
261 3593 343 3662 me,
369 3589 527 3672 precor,
554 3587 685 3636 amove
711 3559 809 3633 huuc
836 3558 1027 3658 laborem„

55 3707 116 3790 Ne
143 3703 252 3815 eulpa
278 3699 418 3810 ingenii
445 3695 561 3794 aridi,
588 3713 629 3772 et
655 3693 774 3804 pusilli

55 3852 197 3958 Meque
226 3847 473 3943 dedecorem,
500 3859 678 3948 tuamque
705 3842 851 3922 Musam

55 3997 165 4080 Nuue
192 4006 381 4100 comptam
410 3989 529 4085 bene,
555 4013 654 4062 nuno
681 3983 777 4063 bene
806 4000 846 4064 et
870 3995 1079 4070 sonantem

55 4139 231 4227 Reddam
259 4133 439 4214 continuo
466 4129 670 4225 absonam,
695 4123 902 4208 inficetum.

375 4297 418 4344 ιο
483 4281 486 4288 ’
