3032 5034
361 403 432 452 ΗΟ

410 513 601 591 Laudaret
629 509 800 586 memoris
829 511 960 618 pignus
989 497 1191 585 amicitiae.
1482 504 1505 1058 p

306 655 555 762 Diis-placuit
582 681 684 732 mena
710 669 839 761 grata:
867 653 962 729 haud
990 653 1096 728 irrita
1123 669 1213 728 rota
1243 649 1381 747 fuae,

407 791 590 870 Orantem
619 807 658 867 ut
682 787 761 867 fidia
789 790 935 866 auribuu
963 790 1187 886 audierunt,

307 928 533 1033 Ascraeique
561 929 658 1005 uenia
683 926 872 1034 juaueruut
900 931 1061 1006 carmina
1089 928 1196 1005 divae

409 1071 529 1176 Graja
557 1100 623 1178 par
651 1073 833 1192 Auaouih
859 1068 954 1146 serre
982 1089 1121 1148 novata
1148 1075 1309 1171 choros,

309 1217 502 1292 Juatitiam
530 1218 632 1322 queis
659 1219 737 1322 ipae
766 1216 904 1312 docet,
931 1244 1144 1322 morumque
1175 1215 1387 1323 pudorem,

412 1355 633 1458 Quantaque
661 1353 880 1458 proveniunt
905 1369 1014 1458 parta
1041 1353 1169 1429 labore
1198 1353 1324 1448 bona,

308 1496 442 1572 Sidere
471 1522 543 1601 quo
570 1493 759 1570 meliuu
725 1521 878 1600 pingues
908 1498 1094 1572 invertere
1121 1493 1277 1601 glebae,

409 1631 673 1737 Seminaque
664 1659 809 1706 inverso
840 1633 986 1708 tradere
1015 1659 1138 1736 sparsa
1165 1631 1268 1708 auio.

307 1781 393 1878 Quo
421 1773 514 1853 freta
540 1803 615 1850 non
642 1779 773 1851 metuit
800 1775 954 1883 cupidus
981 1792 1170 1853 mercator
1197 1777 1327 1874 adire,

408 1925 468 1998 Ao
495 1919 630 1996 vehere
659 1935 816 1996 externo
843 1919 974 1996 littore
1002 1919 1144 1998 divitias

310 2061 398 2135 P
348 2089 419 2136 rora
447 2086 557 2166 opus,
584 2087 738 2165 magnos
765 2059 859 2135 vitae
887 2059 1114 2136 mortalium
1143 2086 1228 2135 uana

412 2205 643 2281 Concessum
672 2232 693 2278 a
720 2218 851 2279 sancto
879 2203 1025 2280 numine
1055 2203 1317 2303 Coelicolum,

412 2482 525 2594 Quod
552 2483 672 2556 tenuit
702 2483 814 2558 virtus
843 2481 1259 2589 Amphitryoniadae,

309 2631 432 2730 Quum
460 2653 610 2701 nemore
638 2625 673 2699 in
704 2654 809 2701 sacro
837 2625 983 2703 Phoebi
1010 2630 1094 2735 Peg
1071 2657 1202 2704 uaaaea
1231 2657 1297 2736 per
1326 2661 1419 2706 arra

413 2771 585 2874 Cycnum
614 2767 686 2843 alto
716 2771 844 2844 stravit
871 2771 1022 2846 vulnere
1052 2775 1324 2880 Martigenam.

308 2349 394 2450 lpse
423 2349 532 2423 etiam
563 2345 698 2452 Clypei
726 2344 862 2420 reseret
887 2343 1053 2420 mirabile
1082 2361 1251 2444 textum,
1495 2287 1508 2738 p

1502 2781 1507 2942 ¹

307 2915 366 2987 lu
396 2913 562 2988 dextrum
590 2941 688 2988 nunc
715 2911 829 2987 tende
858 2915 934 2988 ueni
947 2909 1162 3021 ,firmaque
1192 2935 1372 2995 coactum

408 3056 466 3131 'I'e
494 3079 619 3128 coram
646 3054 791 3129 insueto
818 3053 969 3134 sundere
1000 3059 1112 3134 verba
1140 3089 1258 3160 sonu,

308 3197 375 3273 ltta
403 3211 507 3274 vetus
534 3197 652 3274 eiurat
679 3197 810 3274 Latiae
839 3227 947 3304 quem
975 3203 1093 3308 gloria
1120 3205 1270 3312 linguae

410 3339 560 3432 Aurea,
588 3335 729 3414 Julaeis
757 3336 900 3412 aemuia
927 3339 1180 3445 temporibus,

307 3485 409 3558 Pura
436 3480 502 3557 tibi
531 3507 624 3587 quae
654 3495 782 3588 sponte
811 3477 911 3557 fluit:
941 3511 1009 3558 oen
1038 3485 1135 3560 rivus
1164 3487 1212 3562 ad
1241 3491 1368 3596 ipsum

308 3759 554 3862 Pellnoetque
582 3764 678 3837 vitro
707 3762 855 3856 similia,
883 3763 1075 3870 nitidoque
1103 3767 1245 3846 electro
1340 3849 1342 3854 ,

409 3623 532 3720 Quum
559 3618 700 3696 iontem
728 3618 828 3695 iilimi
858 3620 1048 3726 prosilite
1076 3623 1275 3726 scatebra,

408 3895 597 3970 Formoria
624 3893 763 3971 clarum
790 3897 940 3974 Naiaain
968 3902 1003 3974 in
1031 3907 1245 4006 speculum.

306 4039 364 4112 An
392 4033 564 4109 miserum
591 4029 741 4134 ejicies,
768 4049 915 4110 mutato
942 4039 1105 4140 gutturis
1135 4070 1201 4118 nau

408 4177 452 4254 Si
482 4173 576 4250 male
605 4174 705 4281 quod
735 4172 887 4250 verbnm
916 4173 1052 4252 dixerit
1077 4187 1274 4291 asperius,
