3014 5038
345 344 416 420 116

291 481 387 558 Pars
418 511 543 557 versus
570 483 833 592 incompositos
859 491 935 566 eiet
960 519 1048 586 ore,
1075 503 1258 594 sonatque

294 623 507 731 Cyelopum
534 627 570 700 in
598 655 738 703 morem
765 628 948 708 formosae
978 631 1215 737 Amaryllidis
1243 633 1367 736 ignes:

293 769 389 844 Pars
418 770 531 844 tacita
558 769 721 867 incedit,
745 769 878 849 delessi
906 789 971 850 aut
998 789 1105 879 terga
1132 771 1267 850 caballi

290 911 407 986 Fuste
434 910 556 990 dolat:
584 942 669 1020 pars
695 929 734 990 et
760 915 898 994 Bacchi
926 915 1133 1022 spumantia
1162 915 1284 1021 poscit

290 1051 458 1149 Pocula,
485 1067 524 1127 et
549 1069 676 1160 optato
703 1057 815 1132 musti
842 1083 881 1133 se
909 1057 1114 1164 ingurgitat
1142 1055 1296 1133 hausto.

294 1189 572 1288 cruentabant,
588 1181 829 1299 titubantque
851 1193 985 1302 pedes:
1005 1194 1083 1298 ipse
1101 1191 1263 1298 impiger
1280 1187 1413 1286 haurit,

292 1326 423 1424 Usque
434 1355 574 1423 noros,
593 1331 782 1435 siccatque
793 1331 972 1437 scyphos.
992 1333 1090 1408 Tum
1107 1329 1229 1436 jurgia
1240 1346 1409 1434 surgunt.
1484 1395 1485 1410 ,

292 1463 601 1568 Ferreseuntque
628 1467 731 1564 irae3
756 1464 872 1542 sortes
899 1467 1043 1543 imitata
1068 1465 1264 1544 Lacaenas

292 1601 434 1678 Doneo
460 1617 622 1678 matrum
650 1603 772 1710 aliqua
798 1603 979 1680 exardens
1007 1599 1065 1680 vel
1091 1601 1214 1710 stipite
1241 1613 1347 1706 rapto

292 1737 368 1818 Vel
396 1768 487 1818 saxo
514 1743 681 1820 insanum
708 1741 932 1850 proturbans
958 1757 1071 1849 eogat
1094 1740 1215 1818 abire.

291 1883 450 1964 Scilicet
478 1885 737 1992 ingeniumque
765 1887 869 1964 ferox
897 1902 938 1962 et
963 1885 1125 1964 mascula
1152 1886 1266 1962 virtus

289 2020 475 2098 Matribus
502 2021 584 2100 lreie
611 2021 838 2128 nuribusque
865 2023 977 2120 dara„
1004 2039 1117 2130 atque
1136 2023 1302 2102 exercitu
1324 2024 1414 2101 tales

289 2157 447 2235 Assidue
475 2159 523 2238 ad
548 2163 669 2240 rixas:
697 2191 767 2240 nee
794 2163 914 2240 secius
941 2179 1029 2268 apta
1055 2159 1202 2240 choreis

289 2301 464 2384 Membra
492 2308 641 2412 vigent,
668 2306 854 2414 agilesque
882 2305 1017 2413 perles,
1044 2321 1085 2382 et
1110 2303 1234 2382 mollia
1260 2303 1345 2382 ludo

289 2449 474 2548 Brachia,
502 2449 563 2524 ubi
590 2450 753 2526 insonuit
777 2463 962 2526 nocturno
990 2447 1080 2526 tibia
1105 2464 1266 2560 carm

289 2597 348 2672 Ao
375 2593 486 2704 radiis
513 2592 689 2670 tremulae
716 2593 947 2697 resplenduit
973 2619 1060 2668 area
1085 2589 1213 2668 lunae.

293 2739 419 2814 Parva
447 2735 594 2841 quidem
621 2751 709 2812 sunt
737 2733 853 2832 haee,
880 2753 920 2810 et
947 2735 1053 2842 plane
1081 2737 1268 2843 agrestia,
1294 2739 1411 2830 siris,

293 2879 404 2956 Addo
431 2881 544 2954 etiarn
565 2881 809 2976 inconcinna3
836 2893 960 2954 tamen
990 2909 1054 2956 sua
1081 2885 1262 2986 quemque
1286 2881 1413 2988 copiirlo

291 3023 435 3128 Nempe
463 3018 597 3094 trahit.
624 3019 689 3094 Me
716 3019 895 3120 libertas‚
921 3051 979 3098 me
1006 3024 1101 3098 ruris
1128 3051 1242 3131 opes,
1267 3039 1310 3100 et

291 3166 452 3244 Munera
480 3161 667 3241 delectant
691 3175 844 3239 naturae
872 3163 1066 3270 simplicis:
1093 3165 1156 3241 odi

292 3309 347 3384 Et
374 3308 524 3405 luxum,
551 3322 591 3382 et
615 3302 765 3384 fastum.
794 3305 946 3384 Veteris
973 3309 1127 3416 vestigia
1153 3309 1256 3388 ritae
1308 3343 1312 3350 ·

292 3449 432 3524 Pressa
460 3473 619 3552 sequor,
644 3443 763 3520 nullas
788 3473 901 3550 quum
928 3443 1046 3522 libera
1071 3464 1231 3524 noverat
1258 3449 1366 3526 urbes

292 3585 402 3658 Gens
428 3579 639 3679 hominum,
664 3583 908 3700 genio'sueta
935 3583 1126 3691 indulgere
1152 3584 1340 3662 locorum.

289 3725 387 3802 Nam
413 3722 502 3800 milri
529 3725 619 3830 quid
646 3725 820 3829 placeant
845 3739 1043 3830 surgentes
1070 3755 1253 3805 marmore
1280 3731 1382 3810 sedes

290 3865 563 3969 Eductaeque‚
589 3880 722 3969 gerant
747 3893 840 3968 quae
869 3869 983 3963 vites„
1010 3869 1108 3946 mole
1133 3869 1326 3952 columnae

291 3995 488 4082 Propera?
514 3997 617 4099 Quid
644 3999 786 4104 sculpta
812 4001 907 4079 inter
934 4007 1099 4110 pomaria
1125 4009 1255 4114 signa,

291 4145 343 4220 Et
373 4139 507 4220 virides
535 4141 671 4218 eireuur
700 4139 853 4220 detonsa
880 4143 1001 4223 sronte
1031 4179 1250 4254 cupressus,
