3004 5044
1100 411 1115 466 l

57 514 143 594 set
170 543 256 592 earn
277 517 501 598 medicorum
519 519 673 600 consiti·
692 533 897 600 secuturae
916 521 1094 630 pristinae
1110 407 1196 632 ξω·

57 696 127 748 eos
152 681 239 774 post
262 671 407 742 menses
426 665 625 746 valetudini
652 666 897 765 restituisset,
923 663 1194 778 objecissetque

58 819 234 930 publicae
261 817 313 896 illi
340 817 607 926 disputationi,
633 813 1051 924 qnaeActusMugnus
1076 843 1097 892 a
1121 813 1196 892 Lu·

60 975 175 1080 jolitis
199 965 429 1068 vocabatur,
455 993 622 1074 quaeque
647 977 734 1072 pust
758 977 929 1070 quartum
957 957 1070 1038 studii
1092 959 1194 1038 theu*

59 1113 174 1224 logici
201 1138 336 1190 annum
362 1103 438 1188 beri
467 1101 628 1203 solebas,
654 1104 706 1182 ita
732 1127 772 1181 se
790 1100 829 1178 in
847 1101 911 1180 illo
928 1095 1094 1208 periculo
1111 1120 1192 1204 geri

62 1253 130 1352 sit,
156 1267 199 1328 nt
224 1247 534 1329 severissimorum
559 1241 674 1316 ctiam
702 1241 861 1318 virorum
884 1237 1049 1345 jndicio,
1074 1253 1192 1346 atqua

62 1385 310 1500 expectationi
336 1387 485 1460 omnino
512 1381 757 1465 satisfaceret.
793 1383 897 1460 lline
926 1393 1090 1485 propter
1115 1391 1193 1456 tans

62 1529 253 1608 luculenta
286 1530 427 1639 ingenii
462 1531 730 1637 doctrinaeque
767 1524 989 1635 specimina,
1022 1545 1116 1630 quae
1150 1517 1191 1596 iu

62 1677 123 1756 illa
151 1677 403 1784 disputatione
430 1677 477 1756 de
504 1679 674 1756 universa
693 1675 879 1783 theologia
902 1669 1141 1785 praebuerat,
1166 1701 1191 1751 a

63 1817 505 1897 llectoribusSooietatis
529 1820 737 1898 immunitas
762 1817 814 1894 illi
832 1817 921 1896 data
948 1829 1007 1894 cst
1031 1811 1192 1892 alterurn

65 1963 108 2042 de
145 1964 256 2042 rebus
282 1969 373 2044 item
400 1965 623 2074 theologicis
657 1963 861 2073 periculum
892 1958 1074 2061 faciendi,
1107 1976 1192 2040 eunt

66 2122 159 2186 annu
192 2133 298 2211 ¹77⁰·
327 2107 440 2212 Senis
466 2106 505 2180 in
519 2101 663 2179 Ordine
691 2129 757 2176 sno
785 2099 1010 2176 solemnibus
1035 2125 1074 2176 se
1098 2095 1196 2174 rotis

66 2247 287 2325 obstrinxit.
315 2249 443 2350 Atque
470 2243 524 2320 ita
551 2271 626 2348 quo
652 2257 818 2348 tempore
846 2239 1038 2340 nonnulli,
1064 2239 1128 2350 qui
1153 2265 1191 2314 u·

66 2387 140 2460 nius
168 2382 386 2488 theologiae
415 2379 539 2456 studio
565 2407 716 2486 operam
743 2378 901 2478 dabant,
926 2380 1093 2460 doctoris
1109 2391 1192 2488 gra-¹

68 2527 148 2605 dum
176 2527 240 2604 vix
266 2525 507 2622 obtinebant,
537 2523 600 2600 illu
627 2525 757 2601 eodem
783 2525 975 2634 Zamugnu
1000 2541 1040 2603 et
1063 2525 1191 2604 duutu³

68 2671 127 2768 ris,
140 2686 181 2750 et
199 2683 335 2776 poetae
353 2667 660 2776 praestantissimi
678 2667 838 2746 lauream
853 2683 1099 2776 consequutus
1116 2683 1188 2750 est.¹
1280 2751 1283 2759 ,

115 2809 237 2888 Xlll.
266 2796 363 2885 Post
394 2801 486 2884 baec
520 2808 675 2886 Romae·
693 2821 843 2916 peracta
879 2811 1000 2888 Senes
1034 2811 1190 2889 mittitur

67 2951 249 3030 nobilibus
285 2949 580 3030 adolescentibus
615 2952 657 3028 in‘
679 2942 838 3059 collegio
870 2955 1090 3080 Ptolemaeo
1115 2959 1187 3036 La·

69 3091 181 3189 tinas,
208 3092 452 3198 Graecosque
478 3089 622 3170 litteras
641 3093 861 3172 traditurus.
889 3093 979 3196 Quo
1004 3123 1088 3172 cum
1112 3103 1191 3202 perss

69 3238 245 3335 uenisset,
270 3239 392 3314 statim
413 3237 456 3313 iis
483 3235 609 3336 buris,
634 3262 728 3346 quae
755 3267 777 3314 a
803 3237 1005 3344 religiosis,
1030 3255 1072 3318 et
1091 3241 1194 3318 sebo·

68 3381 203 3460 laeticia
229 3379 631 3490 occupationibus'sibi
662 3399 904 3490 supererant,
938 3383 987 3462 ad
1021 3385 1193 3467 Homeri·

72 3543 131 3597 tae
158 3517 352 3628 Odysseae
378 3520 608 3618 versionem,
642 3547 751 3627 quam
787 3523 825 3598 in
854 3524 946 3601 urbe
970 3523 1045 3631 jam
1071 3527 1195 3606 incoe-

75 3683 192 3776 perat,
226 3695 372 3744 manum
401 3663 588 3744 admovit.
625 3665 746 3744 Nemo
772 3683 875 3746 certe
902 3697 950 3747 ex
985 3669 1195 3779 hujusmodi

74 3807 245 3886 bernardi
274 3805 451 3904 consilio,
478 3805 668 3884 solabere
686 3807 864 3914 majorem
886 3809 1114 3919 uoluptatem
1138 3843 1196 3893 ce·
1222 3897 1225 3906 ,

75 3955 142 4062 pit,
166 3983 277 4065 qnam
304 3953 533 4052 Curiatios,
559 3953 623 4062 qui
649 3981 695 4031 eo
721 3973 892 4062 ternpore
910 3957 1080 4038 llliadem
1107 3987 1129 4035 a
1155 3987 1196 4035 se

18 4133 19 4144 ¹
74 4095 209 4173 Latinis
236 4090 402 4174 uersibus
427 4100 638 4198 expressim
666 4091 840 4190 limabat,
871 4095 1193 4201 perpoliebatque.
1318 4211 1321 4216 Ι

18 4247 19 4262 ’
77 4231 383 4335 Quemadmodum
404 4231 501 4306 enim
520 4246 694 4338 expertus
721 4229 931 4327 didicerat,
957 4261 1050 4308 onus
1076 4231 1195 4332 hujus·
