3014 5038
1074 353 1142 426 113

67 457 300 576 scrutantur
329 499 497 594 diversa,
523 525 661 574 ueneru-
680 525 787 603 quem
817 493 972 572 vidimus
998 494 1109 572 ardor

66 641 237 748 Longius
265 640 462 717 indocilem
491 642 638 748 rapuit,
664 638 892 746 fugientibus
919 641 1034 715 instat

67 788 172 860 Duru
201 785 341 860 latrans
369 779 522 880 avibus,
547 799 660 860 vocat
686 783 768 860 hie:
797 809 836 860 ee
864 782 991 890 culpat
1015 798 1055 858 et
1082 815 1152 862 una

69 928 138 1005 Ille
166 929 299 1006 maiam
327 927 538 1026 fortunam⁹
565 926 638 1002 udo
666 927 765 1034 quod
793 925 910 1033 pulvis
937 927 986 1003 ab
1013 946 1139 1006 austro

69 1067 277 1142 Humorem
307 1065 434 1176 pyrius
461 1063 680 1170 collegerit,
707 1079 746 1140 et
774 1064 852 1142 uiue
879 1064 915 1142 vi
940 1064 1053 1142 ictum

69 1203 281 1281 Pertulerit
309 1204 469 1283 volucri.
497 1205 663 1282 Retouie
690 1203 882 1311 perterrita
900 1204 945 1286 ‚in
975 1207 1072 1282 auria

70 1346 139 1422 lua
166 1377 270 1425 suum
298 1347 444 1426 molitur
469 1351 543 1427 iter
568 1348 642 1454 jam
669 1347 810 1447 libera,
837 1363 877 1425 et
900 1347 1044 1425 hortem
1079 1421 1085 1430 .

69 1483 208 1560 Irridet
235 1486 351 1564 vulsae
379 1502 607 1594 spectantem
636 1515 656 1564 e
684 1513 843 1594 corpore
870 1484 1011 1592 plumae

68 1633 328 1738 Nequidquam
357 1631 455 1728 tabi,
480 1629 764 1736 frustratumque
792 1631 873 1706 avia
900 1630 1050 1736 linquit.

69 1771 146 1846 Hic
174 1770 283 1847 eatuli
311 1769 462 1868 laudes⁹
488 1769 550 1844 hic
577 1798 616 1844 te
641 1770 841 1874 jactantior
868 1767 1010 1867 edem·

69 1914 315 2021 Extollitque·
331 1919 474 2013 aciem,
500 1929 713 2020 certamque
740 1914 778 1990 in
808 1913 958 1989 vulnera
984 1915 1154 1988 dextram

69 2053 129 2127 Ad
157 2053 250 2128 latua
280 2069 475 2128 ostentans
502 2048 724 2128 tumefactae
751 2065 905 2154 tergora
933 2077 1068 2154 perae,

69 2196 154 2272 Ceu
175 2199 250 2271 uint
266 2195 375 2300 plena
395 2193 544 2290 aribus⁹
561 2219 673 2300 quum
692 2207 802 2298 stupa
823 2189 958 2268 inserta
979 2207 1197 2270 tumescant.

66 2342 180 2416 Anne
209 2341 319 2414 etiarn
347 2351 542 2416 venatores
567 2337 726 2416 mendax
753 2367 894 2447 genus,
922 2355 1031 2445 atque

66 2473 267 2556 Glorioiae
295 2475 417 2581 cupidi
445 2475 525 2582 plue
543 2491 695 2584 aequo,
722 2494 763 2553 ut
790 2477 827 2552 iu
856 2479 1025 2556 omnibus
1053 2507 1179 2558 omues

65 2609 246 2692 Artifices
273 2607 414 2690 rebus?
439 2615 538 2692 Sunt
563 2613 708 2715 hercle,
734 2629 779 2691 ct*
798 2612 932 2694 cedere
960 2616 1104 2714 nolint,

67 2759 192 2866 Saepe
221 2757 311 2835 lieet
339 2755 464 2834 videar
492 2787 587 2836 rano
615 2759 842 2836 contendere
869 2761 974 2858 nitu,

66 2908 124 2983 Ac
150 2918 295 2982 tantum
321 2903 466 3010 ingenti
494 2903 636 2983 coelum
663 2919 805 2983 terrere
832 2905 996 3014 fragore.

66 3049 168 3151 Quin
197 3061 236 3121 et
260 3073 392 3153 magua
416 3045 510 3151 jocis
537 3045 690 3122 alteruis
716 3045 855 3152 praelia
882 3051 1063 3162 miscent,

67 3195 187 3302 Inque
208 3195 325 3270 vicero
348 3193 567 3308 jurgantur.
586 3190 663 3269 Ubi
685 3221 724 3270 eu
743 3209 808 3290 ru,
827 3173 994 3274 Ninulc?
1011 3195 1195 3304 (namque

67 3339 143 3416 Hic
171 3354 251 3414 tum
280 3367 345 3444 per
372 3337 515 3414 medica
541 3365 693 3416 narrans
720 3339 893 3414 audacius
919 3339 1025 3436 ibat,

68 3475 180 3578 Quod
209 3475 346 3550 nulium
373 3472 510 3548 frustra
536 3470 700 3575 jaculans
729 3474 893 3548 emiserit
921 3473 1082 3570 ictum).

68 3618 241 3729 Quidni?
262 3619 393 3726 lnquit
422 3615 515 3694 salue
542 3613 666 3690 ridens
692 3614 929 3694 Pcrricbius:
956 3617 1017 3692 itte

70 3767 153 3842 Scit
180 3759 310 3838 meiius
337 3771 479 3850 turtur,
506 3783 612 3830 verae
638 3753 709 3828 tibi
739 3781 878 3859 ponere
906 3753 1061 3853 laudes„

70 3903 142 3981 Cui
171 3898 284 3976 modo
311 3911 350 3970 te
381 3892 454 3968 vidi
482 3891 639 3966 voluisse
668 3892 885 3995 ignoscere,
912 3921 1036 3970 rursus

67 4043 218 4121 Educet
245 4051 286 4109 ut
312 4031 450 4137 pulice,
476 4029 543 4104 tibi
572 4029 658 4134 (μή,
686 4029 786 4103 velut
810 4032 913 4133 ipse„
939 4047 1136 4108 necentur.

68 4189 169 4265 Huic
197 4182 315 4260 Ninus
342 4171 528 4268 reserens⁷
555 4171 616 4248 ubi
646 4169 761 4248 cauda
782 4171 989 4277 pedesque,
1018 4171 1199 4274 rogabat,

456 4313 478 4386 8
