3004 5044
349 366 399 446 28

294 509 490 610 Albanus,
525 509 655 590 dornus
683 497 902 594 Archiducis
928 517 1153 595 Ferdinandi
1181 515 1423 614 Praefectus,

293 647 503 730 Cardiualis
542 651 746 752 Durinius,
779 667 888 760 atque
922 654 985 733 alii
1018 655 1225 762 complures
1256 683 1423 734 summac

293 787 547 887 auctoritatis,
573 803 613 867 et
625 771 819 872 ¹doctrinae
840 795 931 893 riri,
957 797 1018 902 qni
1037 799 1162 874 'secum
1180 797 1218 874 in
1239 795 1357 896 urbe,
1383 815 1424 877 et

292 941 369 1018 ruri
396 937 498 1016 illum
524 937 662 1017 babere
689 939 790 1018 inter
808 971 847 1019 se
866 941 1137 1047 quodammodo
1157 942 1421 1022 decertabant.

292 1089 397 1168 Hinc
422 1089 496 1194 jum
521 1081 600 1164 lore
627 1085 847 1187 videbatur,
873 1103 916 1164 ut
938 1093 1152 1197 Zamagna,
1179 1117 1261 1165 cum
1289 1089 1364 1167 alia
1387 1090 1422 1166 ei

291 1254 369 1304 uon
394 1224 569 1305 deessent
595 1226 813 1324 commoda,
846 1253 941 1332 quae
977 1222 1182 1309 litterarum
1213 1227 1421 1310 cultoribus

290 1364 500 1444 neccssaria
535 1379 642 1466 sunt,
676 1383 717 1445 et
754 1369 831 1444 sine
859 1367 994 1475 quibus
1020 1368 1235 1476 plerumque
1267 1397 1316 1446 ex
1348 1367 1417 1448 bac

293 1517 372 1596 vita
397 1512 607 1611 decedunt,
632 1541 829 1620 numquam
856 1526 954 1590 esset
984 1510 1237 1594 Mediolanum
1269 1511 1421 1590 relicta·

291 1689 379 1740 rus.
408 1657 504 1737 Num
536 1636 683 1768 praeter
717 1657 954 1766 pensionem,
989 1685 1097 1764 qnam
1134 1655 1181 1734 ab
1216 1655 1420 1735 Hetr'uriae

292 1793 676 1896 Duce,ut1esuita,
702 1791 901 1899 quotannis
926 1793 1154 1900 accipiebat,
1180 1808 1219 1870 et
1241 1795 1421 1904 professu·

291 1935 344 2016 ris
370 1933 610 2043 stipendium,
636 1933 735 2040 quod
762 1933 910 2041 scriptis
936 1933 1009 2010 suis
1035 1929 1345 2040 amplificaverat,
1371 1963 1420 2014 ex

291 2101 367 2184 quo
403 2073 524 2154 Maria
548 2071 730 2152 Thermia
756 2077 804 2154 ad
829 2072 979 2184 ingenia
1014 2074 1210 2153 excitanda
1233 2071 1421 2179 jusserat,

292 2233 336 2298 ιιι
362 2233 559 2328 augeretur
586 2218 809 2328 stipendium
835 2219 1087 2328 praeceptoris
1112 2217 1231 2316 illius,
1266 2217 1329 2326 qui
1355 2245 1421 2293 nu·

291 2369 378 2468 rtm
404 2361 553 2470 aliquod
580 2391 671 2469 opus
696 2361 735 2440 iu
760 2361 880 2442 lucem
907 2361 1094 2462 dedisset,
1128 2391 1204 2440 nou
1229 2389 1341 2470 parra
1367 2361 1419 2438 iu·

257 2525 424 2606 xsuper,
448 2499 479 2576 si
504 2497 576 2579 illis
601 2498 844 2607 indiguisset,
878 2497 1091 2607 adjumenta
1114 2497 1279 2578 habebat
1306 2529 1329 2580 a
1355 2500 1420 2576 du-

288 2673 353 2724 mo
387 2659 560 2753 paterna.
597 2641 780 2720 Attamen
815 2675 863 2724 ex
889 2642 1092 2747 Insubris,
1123 2673 1207 2726 cum
1232 2645 1353 2724 minos
1379 2645 1419 2723 id

187 2885 190 2899 ι
291 2789 511 2898 cogitabat,
538 2785 729 2866 discedere
756 2785 904 2867 debuit.

345 2934 468 3014 XXI.
497 2932 645 3011 Etenim
673 2959 756 3010 cum
784 2931 1058 3042 aun01783.c
1085 2933 1228 3013 duobus
1253 2935 1332 3044 ejus
1350 2933 1419 3012 lra-

232 3139 240 3152 ,
289 3058 411 3154 tribus
436 3071 589 3150 Marcus
614 3083 706 3146 natu
731 3071 871 3178 major,
897 3070 959 3179 qui
986 3099 1063 3146 rem
1081 3071 1293 3152 familiarem
1314 3102 1421 3152 cura·

259 3237 262 3245 “
291 3221 388 3324 bat,
414 3249 435 3301 e
462 3219 554 3301 viris
580 3218 777 3318 cessisset,
802 3231 843 3296 et
863 3218 1031 3299 Marinus
1066 3231 1154 3295 natu
1175 3217 1315 3315 minor,
1340 3217 1419 3294 uni-

291 3385 359 3439 cus
385 3385 413 3437 e·
433 3371 519 3438 tota
544 3352 680 3436 familia
705 3369 915 3464 superstes,
936 3355 1012 3466 jam
1037 3354 1115 3435 lere
1141 3385 1163 3436 a
1190 3355 1347 3462 pueritia
1365 3353 1419 3432 in·

290 3467 418 3584 lirmse
444 3503 604 3605 mentis,
639 3517 682 3583 et
707 3479 928 3584 valetudinis
953 3519 1077 3608 essct,
1111 3533 1158 3584 eo
1193 3503 1347 3585 celerius
1377 3503 1418 3584 iu

291 3643 452 3752 patriam
479 3641 639 3722 reditum
665 3671 770 3724 suum
788 3639 1042 3718 maturandum
1062 3641 1228 3739 censuit,
1253 3667 1327 3749 quo
1344 3669 1421 3718 ma·

289 3781 364 3890 jori
388 3795 431 3857 et
454 3777 607 3858 fratrem
634 3777 852 3886 adjurandi,
882 3793 924 3855 et
948 3805 1028 3856 rem
1053 3777 1297 3858 domesticam
1322 3777 1420 3856 ordi-

291 3923 407 4005 nandi
432 3923 616 4000 desiderio
650 3917 854 4030 flagrabat.
891 3923 1141 4004 Discessionis
1167 3927 1281 4036 igitur
1309 3933 1418 4010 rania

292 4063 343 4151 ab
370 4061 570 4143 Austriaco
595 4058 774 4169 regimine
802 4057 980 4160 obtenta,
1013 4089 1059 4141 ea
1087 4079 1213 4142 mman
1239 4067 1419 4147 conditio·

291 4239 365 4314 us,
389 4223 433 4290 ιιι
457 4217 603 4288 sextum
628 4201 729 4282 iutra
754 4229 919 4284 mensem
942 4219 1220 4310 reverteretur,
1249 4216 1420 4322 protinus
