3032 5034
1101 467 1120 510 2
1133 466 1141 510 t
1154 435 1174 508 3

93 578 247 654 Rursus
276 593 314 652 ct
338 579 493 654 alterius
522 598 691 688 correpta
720 582 890 688 cupidine
918 581 1055 660 formae

205 715 383 812 Deserit,
411 745 455 792 ac
483 745 577 792 rano
606 717 792 825 decipitur
820 715 962 794 studio:

97 857 251 964 Cuique
279 885 365 934 suos
395 873 473 936 stat
500 889 632 967 nempe
661 861 798 958 decor,
826 889 890 936 sua
916 863 1039 968 gratia
1066 863 1200 966 cuique

209 1003 379 1102 lnsirlct,
407 1019 518 1110 atque
547 1031 613 1082 eoo
642 1007 795 1114 quisque
823 1007 949 1115 lepore
977 1008 1119 1116 placet.

99 1137 188 1214 Non
218 1139 325 1217 aliter
354 1143 471 1218 varias
499 1137 631 1218 ellcrre
659 1145 695 1219 io
724 1147 890 1224 carmina
917 1144 1045 1224 laudes

205 1277 310 1354 lllius
338 1281 520 1358 incassum
549 1310 666 1358 conor
695 1283 781 1380 ubi,
808 1285 1002 1360 innumero

96 1413 253 1491 Obruor
280 1447 301 1493 a
329 1447 503 1497 numero.
532 1423 604 1499 Mc·
626 1425 775 1528 quaevis
803 1449 961 1528 namque
991 1423 1174 1502 volentem

205 1559 359 1661 Allicit,
386 1565 556 1642 allectum
585 1567 773 1673 pulchrior
800 1589 840 1646 at
868 1570 1025 1650 retrahit

101 1701 196 1778 Viso
226 1703 321 1803 alia,
348 1720 386 1780 et
412 1705 541 1782 melior
569 1735 662 1811 quac
691 1735 729 1782 sc
758 1723 942 1814 postrema
971 1707 1167 1786 videndam
1219 1823 1221 1828 Ι

206 1842 463 1948 Nequidquam
492 1841 644 1949 cupidos
673 1843 813 1918 obtulit
840 1861 928 1920 ante
958 1846 1106 1922 oeulos.

105 1987 164 2056 An
192 2009 383 2054 numerem
411 1995 638 2054 astrorumrc
670 1981 791 2077 vices,
817 1982 1014 2059 Triviaeve
1037 1982 1209 2081 labores,

206 2129 308 2208 Solis
336 2145 375 2205 et
400 2145 544 2206 stratas
572 2128 664 2202 orbe
695 2129 863 2233 nigrante
892 2119 1026 2204 rotas?

101 2275 162 2346 An
192 2269 316 2346 radios
344 2268 427 2344 diae
456 2266 570 2361 lucis,
598 2267 832 2371 numerisque
862 2265 1071 2344 revinctam

207 2411 411 2486 Terrarum
439 2433 588 2482 emensa
615 2402 710 2477 mole
740 2397 1001 2504 superficiem?

102 2553 347 2658 Luceresque
377 2555 515 2648 undas,
542 2568 741 2656 certosque
771 2551 916 2655 agitata
943 2577 1010 2654 per
1037 2561 1159 2624 aestus

207 2703 405 2804 Aequora,
434 2725 505 2803 qua
533 2723 572 2771 se
601 2724 639 2769 se
668 2691 864 2770 submovet
892 2687 1081 2773 oceanus?

107 2839 357 2932 lnceutumne
386 2840 476 2917 illud
504 2839 684 2936 reseram,
712 2865 785 2944 quo
813 2839 1001 2946 pulchrius
1031 2867 1189 2944 unquam

206 2979 316 3058 Nulla
344 2980 458 3077 tulit,
486 2979 639 3084 posthac
668 3009 737 3056 nee
765 2979 860 3056 leret
887 2978 959 3055 ulla
986 2978 1090 3073 dies,

106 3135 191 3236 Quo
219 3133 332 3208 cleoas
360 3129 566 3206 immortale
595 3129 661 3206 viri
689 3126 805 3232 magis
833 3151 947 3230 usque
976 3123 1121 3228 vigebit

207 3271 316 3368 Hac,
344 3289 458 3378 atque
480 3273 540 3348 illa
561 3289 709 3365 aetate,
737 3286 851 3376 atque
872 3269 967 3366 alia,
995 3285 1108 3372 atque
1138 3258 1239 3343 alia?

106 3408 263 3486 Scilicet
289 3407 458 3484 obscuris
486 3407 648 3484 obnoxia
676 3409 820 3514 legibus
848 3423 937 3484 ante

208 3553 403 3662 Corpora,
430 3568 469 3627 ct
494 3551 664 3656 implexis,
688 3549 832 3624 reddita
861 3547 1075 3654 principiis,

106 3693 189 3797 lpse
217 3721 312 3766 nova
339 3691 476 3797 primus
504 3683 653 3762 colludit
679 3685 760 3759 lucc
788 3699 986 3774 retexens,

204 3829 347 3906 Omnes
375 3845 412 3904 et
437 3827 585 3904 fraudes
613 3827 779 3926 sustulit,
807 3845 847 3904 et
877 3829 1077 3926 tenebras,
1118 3828 1122 3839 '

105 3969 293 4046 Gliscerc·
309 3966 506 4044 verborum
534 3969 653 4042 suerit
678 3965 813 4072 quibus
841 3984 924 4043 ante
953 3967 1170 4072 Lycaeum,

204 4105 260 4182 Et
288 4133 420 4180 vocum
447 4105 530 4180 lites
557 4131 756 4184 conserere
785 4103 1018 4208 omnigenas.

102 4253 270 4354 Namque
300 4247 362 4322 ubi
392 4246 580 4353 dispexit,
607 4245 743 4322 nnllam
772 4273 849 4321 rom
878 4275 985 4351 posse
1015 4245 1172 4322 meando
