3014 5038
344 393 411 469 182

399 533 485 608 Hae
512 529 693 630 fluerent„
721 531 828 610 solito
856 535 990 611 lentior
1019 533 1115 611 unda
1140 531 1263 612 [uret.

297 672 381 748 Jam
408 671 515 750 rideo
543 692 584 754 at
611 674 722 784 lapsis
747 680 956 784 quaesitum
984 679 1135 756 oracula
1162 678 1277 755 rebus

396 813 505 888 Haec
533 812 614 890 laea
641 829 680 890 et
704 815 806 892 Eoos
833 831 873 892 et
897 832 1023 923 petere
1049 817 1284 923 Hesperios·
1363 833 1366 840 '

299 957 421 1032 Trans
447 953 565 1055 freta,
591 974 695 1034 trans
722 974 865 1035 montes
892 959 1023 1068 longe:
1053 961 1140 1068 quin
1154 961 1429 1042 Martialium

404 1096 515 1173 Hauo
542 1095 838 1202 septemgemino
866 1097 1003 1176 vertioe
1029 1099 1244 1205 suppliciter

301 1241 486 1347 Exiguum
512 1237 603 1316 colit
628 1241 707 1344 ipsa
733 1265 906 1348 specum„
932 1239 984 1316 nil
1009 1269 1122 1320 aurea
1148 1269 1282 1322 curans

401 1381 470 1456 lna
498 1409 564 1455 suo
592 1380 776 1486 quondam
802 1379 940 1488 templu
966 1377 1126 1488 superba
1154 1381 1294 1460 Jonas

296 1523 448 1630 Jupiter
475 1519 533 1599 bic
560 1521 690 1598 melior
716 1549 808 1628 puer
834 1521 1144 1625 est31atetille,
1170 1555 1376 1632 suumque,

400 1660 488 1735 Hoc
516 1674 716 1758 nascente,
743 1678 856 1767 eaput
883 1664 1052 1742 condidit
1078 1667 1116 1742 iu
1144 1665 1274 1772 Stygii

302 1801 510 1874 Haerentes
540 1797 654 1874 Erebi
682 1798 864 1899 latebras,
890 1800 1043 1879 informe
1070 1802 1308 1899 barathrum,

407 1947 494 2046 Quo
522 1975 589 2023 nos
614 1949 688 2054 jam
714 1947 859 2026 blandis
887 1962 1017 2056 egerat
1040 1945 1209 2044 insidiis⁹

299 2096 348 2175 Ni
378 2109 440 2192 ιιι,
469 2097 543 2171 Dia
572 2099 739 2195 parens„
766 2099 989 2204 peperisses.
1017 2093 1155 2173 Omnis
1180 2091 1287 2170 nobis

403 2237 501 2316 Sunt
526 2241 623 2318 bona
651 2243 827 2346 de'tanto
854 2258 943 2320 nata
969 2243 1189 2348 puerperio.

307 2383 382 2466 ,Ae
410 2369 823 2492 gemitusptletusun
851 2401 962 2494 atque
991 2381 1144 2460 auxiferi
1172 2383 1353 2490 singultus

407 2523 507 2599 Sunt
532 2523 628 2602 versi
655 2523 691 2598 in
720 2521 864 2598 subitae
894 2522 1029 2627 gaudia
1055 2521 1242 2599 laetitiae:

304 2666 387 2741 Pux
415 2676 568 2769 regnat„
594 2689 665 2766 pax
685 2663 778 2739 alma
799 2663 918 2769 viget:
946 2679 1062 2768 tuque
1089 2659 1229 2766 inclyta
1256 2687 1419 2764 magnum

407 2801 530 2908 Virgo
557 2805 592 2878 in
622 2801 859 2879 Achemeniis
886 2830 1019 2877 nomeu
1047 2797 1163 2874 habes
1189 2795 1375 2874 dumibus.

304 2947 416 3024 Laeti
445 2947 601 3044 adsunt3
628 2975 674 3021 en
702 2945 804 3020 certe
831 2943 988 3042 adsunt,
1015 2941 1233 3019 ducentibus
1260 2941 1385 3036 astris,

411 3083 497 3161 Non
524 3083 614 3159 rude
642 3099 831 3189 pasturum
860 3082 1012 3191 vulgus,
1039 3097 1079 3159 et
1101 3079 1327 3188 agricolae‚.

305 3231 377 3307 Aa
404 3227 569 3306 Arabum
597 3235 656 3325 (ι)
684 3227 869 3304 Prooeres
896 3225 1057 3326 delecti,
1084 3225 1205 3333 prima
1229 3221 1420 3316 Virorum,

407 3365 483 3468 Qui
511 3363 599 3462 sibi,
628 3366 688 3470 qui
716 3393 829 3471 puero
857 3365 950 3441 ditia
976 3365 1073 3443 dona
1100 3361 1224 3441 ferunt

304 3505 518 3582 Littoribus
545 3502 654 3614 longe
683 3537 704 3584 a
731 3507 880 3614 patriis.
907 3507 990 3584 Hos
1017 3521 1059 3580 tu
1087 3503 1187 3581 bona
1213 3529 1345 3580 oerues

407 3648 531 3747 Quum
558 3649 662 3754 gnati
689 3647 894 3723 ambrosios
920 3671 1098 3752 proruere
1127 3659 1213 3720 ante
1242 3641 1379 3748 pedes,

292 3927 831 3952 m

395 4063 440 4134 (r)
464 4057 548 4116 Ecce
561 4057 652 4137 Magi
673 4059 712 4116 ub
735 4061 858 4120 Oriente
881 4074 1024 4124 venerant
1047 4071 1100 4121 etc.
1121 4065 1246 4124 Joanues
1268 4081 1330 4148 cap.
1355 4071 1419 4124 net

309 4149 354 4206 Ps.
380 4167 428 4222 7¹·
464 4146 604 4224 :Reges
630 4147 762 4206 Tlrursis
784 4162 816 4208 et
835 4149 962 4210 Insrrlae
985 4169 1114 4211 urureeru
1137 4150 1296 4234 offirent:
1330 4153 1417 4232 Reges

303 4237 441 4294 Arabum
464 4245 517 4294 etc.
