3032 5034
1066 369 1111 446 23

53 498 176 579 Idem
205 505 322 586 laudis
350 537 452 588 amor
478 541 536 590 me
563 546 646 613 me,
672 513 921 622 Raymunrle‚
947 513 1073 618 coligit
1097 399 1135 568 ·7

166 651 364 732 Errantem
388 661 428 736 in
459 659 738 758 Pindivertice
766 662 951 769 laurigero

52 788 229 890 Venari,
257 811 477 903 captamque
506 799 600 877 ietnc
628 802 697 878 tibi
722 801 872 878 mittere
898 815 1087 896 nostrum,

164 939 1186 1055 Quamquamerutagrestia,quumquamerat'horridula,
1323 1041 1326 1049 4

51 1077 334 1182 Nescioquam
362 1079 449 1158 solis
475 1081 688 1163 latitantem
716 1086 754 1162 iu
782 1079 935 1192 ¹rupibua
962 1083 1091 1164 Echo.

160 1225 397 1330 Quamquam
410 1243 509 1304 erat:
525 1227 622 1304 haud
635 1230 770 1307 etenim
780 1229 854 1334 jum
866 1258 951 1307 reor
960 1201 1185 1306 horridulum

51 1363 175 1460 Esse,
201 1395 272 1442 nec
298 1379 482 1479 agrestem
510 1368 685 1464 nimium,
711 1371 846 1475 quippe
874 1369 952 1474 ipre
979 1369 1106 1477 lepore

161 1501 247 1604 Quo
273 1503 401 1607 potui‚
427 1533 537 1610 quem
564 1507 613 1582 mi
641 1507 818 1586 Phoebus
846 1507 984 1586 habere
1011 1493 1140 1606 dedii,

48 1640 171 1718 Omni
197 1639 295 1718 illurn
323 1643 426 1720 cultu
455 1645 602 1723 ornari:
630 1673 698 1720 ceu
727 1643 852 1724 redula
879 1665 1020 1749 mater,

160 1780 235 1858 Cui
261 1799 409 1860 matura
436 1783 515 1858 viro
541 1781 614 1885 jam
642 1782 749 1858 eedet
774 1787 932 1892 unigena

48 1921 154 2000 Nata
182 1921 305 2020 domi,
331 1945 561 2027 quacumque
588 1933 712 2030 puteat
735 1921 839 2027 jurat
864 1941 971 2022 arte,
999 1941 1156 2003 venusta

156 2059 215 2136 Ut
242 2061 382 2166 magia,
409 2075 450 2135 et
477 2060 618 2167 cupidis
644 2075 753 2169 grata
779 2061 828 2137 eit
855 2060 1086 2168 illaprocie:

46 2213 212 2318 Jamque
240 2208 311 2286 hoc
338 2213 484 2316 jamque
512 2207 576 2286 illo
604 2227 819 2288 contextam
845 2209 936 2288 llure
964 2204 1177 2298 corollam,

155 2351 241 2456 lpea
263 2377 337 2424 uuo
363 2375 487 2424 eccum
515 2346 631 2424 multa
658 2375 809 2424 morene
837 2348 960 2424 animo
988 2392 993 2408 ι

48 2495 231 2574 Crinibus
259 2491 417 2571 aureolis
444 2519 543 2570 nunc
571 2491 699 2588 arldit9
725 2519 823 2570 nunc
850 2493 979 2569 eadem
1007 2521 1046 2569 ee

152 2637 319 2745 Culpa,
346 2638 449 2713 etin
478 2638 627 2743 propria
653 2637 740 2712 dote
768 2639 887 2714 nitere
915 2589 1047 2736 aiuit3·

45 2786 149 2864 Huic
176 2782 290 2881 nihil,
317 2799 382 2860 aut
410 2782 568 2889 paullum
597 2785 708 2860 cessit
737 2813 815 2858 mea
846 2811 956 2882 cura3
983 2782 1132 2891 peperci

149 2921 225 2998 Ulli
253 2951 323 2998 uec
351 2922 495 3021 studio,
520 2949 593 3027 quo
620 2924 736 3030 magia
764 2939 876 3028 atque
904 2923 1047 3029 magia·

45 3069 124 3147 Per
151 3083 187 3142 te
215 3065 276 3142 illa
303 3068 338 3142 in
368 3065 487 3142 lucem
515 3065 666 3171 prodire
694 3065 887 3142 venustula
915 3066 1062 3172 quiret,

148 3211 202 3286 Et
230 3207 358 3316 procul
387 3209 514 3306 Eoos,
541 3221 581 3283 et
608 3222 736 3312 petere
764 3209 994 3316 Hesperios,

45 3351 241 3454 Saevaque
268 3347 451 3424 mordacis
479 3347 645 3424 convicia
674 3374 847 3452 spernere
877 3346 975 3451 vulgi

144 3489 180 3563 F
182 3485 276 3586 elix,
300 3486 437 3592 judicio
465 3481 777 3589 eatque-probata
804 3495 892 3578 tuo-3

42 3635 203 3740 Auspice
230 3659 304 3738 quo
331 3643 480 3706 nostrae
507 3625 662 3731 primum
689 3650 840 3700 crevere
870 3623 1111 3721 Camenae,
1136 3699 1140 3706 ,
1170 3737 1174 3742 Ι

145 3783 202 3856 Ac
230 3776 300 3854 eibi
328 3773 403 3852 lore
431 3769 580 3876 aliquod
606 3795 845 3877 promeruere
872 3768 1005 3845 decue.

43 3921 135 4000 Nam
162 3945 283 4024 neque
311 3945 369 3993 me
397 3913 546 4010 laurus,
573 3939 642 4016 uec
670 3908 797 3986 Pieria
823 3907 1090 4016 Hippocrene,

139 4055 227 4132 Nou
255 4055 409 4152 Musae,
438 4081 481 4127 ac
509 4047 656 4126 soboles
684 4048 890 4154 Gorgonos
918 4047 992 4123 ales
1021 4072 1134 4150 equus

47 4207 118 4276 Aur
147 4193 347 4302 quidquam
375 4193 527 4295 juvere,
559 4187 783 4293 juvare-aut
810 4183 968 4288 deniqne
987 4195 1170 4288 possent,
