3032 5034
1130 381 1171 428 21
1187 384 1197 429 r

112 481 253 562 Florsa
280 486 335 562 sio
363 487 502 564 circum
531 513 595 564 vos
624 513 769 593 semper
795 489 960 594 gramina
987 506 1172 586 vernent,

220 621 288 700 Sic
317 621 423 700 vobis
451 619 573 700 oslido
601 653 685 700 rore
713 625 904 700 ministret
932 654 1070 730 aquas,

109 757 351 866 Omuigeuos
377 775 515 838 eontra
542 761 695 838 morbos
721 761 821 838 bona
849 763 990 838 semina
1018 763 1175 840 miscens

218 901 392 980 Daedale
419 900 597 1009 luogilero
623 919 721 980 terra
750 933 883 1012 parens
910 905 1077 1012 gremi03

109 1040 223 1120 Nune
249 1035 350 1117 lluite
378 1067 401 1116 o
429 1041 576 1142 fusiles,
602 1069 701 1120 nuno
729 1060 855 1123 vestro
882 1043 921 1118 in
948 1039 1097 1118 llumine
1126 1070 1231 1120 sacro

218 1185 326 1264 Alma
353 1184 487 1286 Salus,
507 1215 655 1294 praeses
683 1190 849 1268 laetitiae
877 1191 1055 1272 insideat.

111 1321 183 1400 llle
212 1351 321 1400 meus
341 1319 407 1400 llos
426 1326 642 1426 Pieridum,
670 1323 737 1404 llos
764 1327 825 1404 ille
853 1328 1045 1435 leporum,

217 1471 336 1575 lpsins
362 1487 473 1579 atque
501 1472 618 1578 ipsum
647 1471 822 1550 delicium
850 1473 1038 1570 Uraniae,
1100 1577 1104 1586 1

111 1609 196 1690 Vos
223 1639 320 1689 nuno
347 1611 539 1717 Rogsrius
565 1609 755 1710 celebrat,
783 1609 843 1685 oui
871 1579 1041 1689 eruribus
1067 1606 1192 1685 haesit

214 1749 353 1826 Nescio
381 1748 444 1854 qui
470 1747 575 1855 pulsa
600 1777 677 1826 non
704 1748 801 1824 bene
829 1746 915 1825 tube
943 1729 1094 1846 tumor,

108 1885 173 1964 Ex
200 1915 272 1992 quo
300 1884 488 1964 Threiciis
516 1885 649 1960 misere
677 1909 872 1992 perpessus
899 1885 937 1958 in
966 1884 1041 1959 oris

213 2027 477 2138 Persephones
503 2031 633 2106 duram
660 2030 852 2108 saevitiem
881 2031 1075 2108 extimuit.
1196 2033 1200 2044 “

110 2166 305 2274 Quidquid
329 2165 369 2242 id
394 2182 478 2266 est,
504 2165 644 2266 lenits3
672 2167 853 2272 undisque
880 2166 1090 2242 salubribus
1117 2179 1244 2242 actum

214 2309 423 2419 Tyrrhenis
448 2337 609 2418 propere
636 2311 796 2417 mergite
823 2311 861 2388 in
888 2311 1137 2418 aequoribus,
1173 2293 1176 2300 ¹
1213 2343 1226 2356 ··

108 2459 254 2540 Vincat
282 2470 324 2533 ut
346 2457 540 2537 incolumis
564 2447 724 2543 llelidne
750 2457 919 2537 Nestoris
946 2483 1101 2554 aevum,

213 2593 399 2704 Seolaque
424 2599 631 2678 Memnonii
659 2594 1076 2679 Laomedontiadum*

113 2743 278 2850 Dignior
305 2741 404 2822 baud
431 2759 533 2820 certe
561 2746 753 2852 quisquam
773 2761 856 2843 est,
876 2746 935 2825 oui
954 2761 1120 2853 tempore
1141 2745 1244 2821 nullo

216 2887 420 2968 Delectura
447 2908 563 2967 neant
591 2909 762 2998 tempora
788 2908 898 2972 nocte
925 2909 1027 2972 satae

112 3029 203 3110 lllne
231 3031 350 3111 Erebi
376 3036 530 3142 nigrae,
556 3035 681 3114 satalia
707 3055 894 3137 monstra,
921 3063 1114 3114 sorores..

212 3181 307 3262 Nam
334 3183 482 3288 quisse
510 3209 549 3259 se
575 3179 629 3256 illi
656 3181 826 3258 laudibus
853 3177 1063 3259 anteferat?

114 3326 209 3430 Quis
235 3353 341 3432 mage
369 3325 563 3404 doctrinae
591 3327 710 3402 niteat
737 3323 969 3434 fulgoribus?
995 3323 1106 3400 Illum

213 3463 310 3544 Prae
337 3463 479 3540 cunctis
507 3468 618 3536 urium
646 3462 798 3566 suspicit
824 3463 1015 3554 Ausonia,

113 3607 220 3710 Quae
246 3634 398 3714 puerum
425 3602 616 3712 eamplexa
643 3603 749 3697 sino,
776 3601 892 3677 veluti
918 3599 1017 3676 bona
1043 3615 1199 3707 gnatum
1310 3693 1313 3698 A

212 3741 364 3840 Mater,
389 3737 577 3819 fraudatae
606 3737 748 3844 surpuit
772 3735 945 3844 Illyriae:
975 3837 978 3844 Ι

113 3885 328 3994 Suspioiuut
353 3883 554 3990 Gallique,
580 3883 848 3991 Britannique,
876 3897 941 3984 et,
961 3912 1077 3992 genus
1106 3913 1219 3985 acre,

213 4022 455 4120 Thentones,
482 4021 613 4100 horum
641 4037 679 4102 et
704 4020 812 4100 laude
840 4019 1002 4132 superba
1027 4051 1090 4098 sua
1117 4037 1177 4096 est

115 4167 224 4245 Gens
253 4167 440 4272 quamvis,
467 4167 678 4273 plauditque
707 4167 788 4272 pari
815 4165 871 4244 vel
900 4165 955 4242 dis
981 4165 1179 4260 Neutouo,
