3032 5034
720 523 796 600 De
829 487 1018 602 eodem.

303 654 342 734 0
368 651 543 733 Helena!
566 683 589 732 o
615 651 722 736 felix!
750 687 970 766 quemquem
998 655 1251 768 pulcherrima
1279 653 1403 752 vulto,
1483 627 1488 774 l

405 801 538 882 Laude
556 799 671 880 enimi
691 834 738 880 au
756 802 869 882 suerio
889 803 1094 912 pulchrior,
1122 803 1338 909 ambiguum
1357 815 1430 896 est3

304 943 445 1020 Forma
472 939 636 1038 etenim,
664 942 853 1049 virtusque
880 943 916 1018 in
945 957 984 1016 te
1010 941 1242 1019 contendere
1273 939 1393 1032 visae,

406 1085 515 1189 Quae
542 1109 649 1192 muge
677 1085 879 1192 perlectum
907 1081 1045 1192 lingere
1072 1099 1200 1189 posset
1230 1109 1350 1188 opus:
1484 1037 1489 1194 l

302 1229 411 1309 Vicit
437 1247 592 1326 neutre3
617 1241 741 1306 temen
768 1227 942 1334 quiddam
968 1243 1011 1302 tu
1037 1225 1154 1331 majus
1180 1225 1329 1302 alumni
1486 1237 1489 1332 l

406 1368 619 1476 Terrigeol
644 1365 691 1444 ed
719 1365 810 1440 caeli
838 1364 961 1486 lucide
987 1363 1124 1472 templu
1150 1361 1269 1472 lugia,

301 1513 383 1594 Nee
410 1529 551 1620 reptem
579 1507 729 1606 llemue;
756 1511 882 1616 potius
909 1511 1085 1589 miramur
1111 1513 1147 1590 iu
1175 1515 1247 1590 unul

405 1650 614 1758 Corporis,
639 1663 751 1756 utque
779 1649 890 1726 enimi
917 1665 978 1727 tot
1007 1649 1162 1760 viguiero
1191 1649 1313 1728 boue.

585 1897 651 1974 De
677 1897 811 1974 eadem
838 1905 951 1976 morti
970 1901 1154 2002 proximet

461 2039 599 2116 Filium
625 2039 905 2138 amplectente,
929 2058 970 2114 et
995 2033 1264 2115 deosculante.

299 2211 384 2294 Ah!
410 2238 480 2290 cur
502 2227 594 2290 tunc
622 2211 794 2312 aderam,
821 2241 903 2291 com
930 2225 1050 2290 mater
1074 2213 1206 2319 pallide
1234 2213 1336 2290 letho

402 2357 456 2436 Se
482 2385 610 2436 corum
635 2357 745 2462 jussit
769 2360 898 2434 cistere
926 2356 1153 2455 Blasiolum‚

298 2496 422 2600 Quem
448 2491 617 2621 munibus
645 2491 836 2600 complexu
864 2491 1063 2592 ambobus,
1089 2510 1130 2570 et
1161 2495 1287 2574 oucule
1313 2491 1423 2603 ligent

402 2639 667 2748 Applicuitque
694 2640 799 2738 uino,
824 2639 963 2744 proluit
986 2653 1025 2716 et
1050 2636 1245 2748 lucrymie3

206 2871 213 2884 .
298 2785 583 2891 Oeteudeueque
609 2783 708 2892 putri
733 2781 885 2888 jucundi
911 2783 1043 2890 pignus
1070 2783 1223 2880 amorio,

398 2921 527 3020 Huic,
553 2919 632 3020 uit,
653 2934 700 2998 et
726 2921 898 3028 genitor,
924 2919 1134 3026 blandeque
1160 2931 1278 2996 muter
1303 2917 1395 2996 erin.

297 3059 461 3136 Rursum
488 3073 528 3135 et
551 3059 637 3136 nixa
665 3071 748 3135 toro
776 3083 911 3164 epoueo
938 3057 1029 3156 det,
1056 3058 1208 3166 suscipit
1231 3053 1292 3134 ille

398 3201 643 3309 Amplexuur‚
668 3217 711 3278 et
736 3204 863 3278 metris
890 3199 1078 3280 subtrahit
1101 3232 1148 3280 ex
1175 3201 1311 3281 oculis.

300 3344 339 3424 0
365 3343 529 3445 luctum,
554 3376 579 3423 o
605 3347 721 3425 riuum
748 3343 1009 3454 lacrymabile!
1035 3345 1121 3451 Ego
1147 3347 1245 3425 iotuo
1264 3348 1398 3428 acerbo

398 3493 591 3598 Arpectu',
617 3505 660 3568 ut
683 3491 832 3590 Niobe,
858 3519 989 3569 oexeuo
1017 3489 1187 3602 obrigui.

705 3640 782 3716 Do
817 3641 1007 3715 eadem.

294 3769 403 3850 Vixit
430 3771 569 3876 Hyellu
595 3803 748 3880 perum,
773 3767 917 3854 tentum
946 3775 1010 3882 qui
1035 3789 1203 3882 tempore
1228 3775 1330 3852 ritae

396 3913 592 3986 Autrorum
620 3940 641 3985 u
668 3925 772 3986 motu
799 3909 957 4018 (uulgus
984 3913 1067 4011 uti)
1094 3927 1305 3989 enumerat.

288 4045 480 4154 Tempore
505 4043 569 4151 qui
595 4059 754 4126 censent
778 4047 875 4128 vitoe
902 4079 924 4130 o
951 4049 1150 4126 virtutibus
1177 4065 1334 4150 auctae,

392 4185 599 4266 Uneuimee
627 4185 781 4266 dieunt:
810 4185 901 4269 vixit
925 4183 1064 4293 Hyellu
1091 4185 1175 4266 diu.
