3032 5034
390 427 458 478 202
616 473 619 479 .

347 534 352 558 ‘
442 541 563 649 Quam
590 541 684 618 muri
711 541 869 618 adverto
894 543 1064 648 pinxerat
1089 539 1126 616 in
1154 539 1279 616 tatere

336 678 484 756 Umbra
512 675 583 754 alet
610 678 779 786 projecta
795 705 814 755 r·
832 679 911 784 quie
938 675 1005 755 ah!
1032 691 1069 754 te
1097 677 1244 776 ludere,
1273 678 1424 783 quiete

437 815 623 930 Impulit?
648 835 690 899 ut
716 833 800 899 tuto
826 833 978 928 pectore
1004 825 1097 896 tunc
1122 821 1260 897 misero

337 973 517 1052 Sensibus
543 971 679 1079 ereptis
704 964 772 1046 tibi
799 993 902 1045 meus
929 965 1109 1062 excessit,
1133 980 1176 1042 ut
1202 966 1259 1042 irc

432 1109 594 1216 'Optasti
620 1105 718 1184 cuiae
744 1101 911 1212 quolibet
938 1103 974 1179 in
1002 1103 1193 1204 latebrae,

336 1249 390 1326 Et
414 1249 590 1326 comitum
616 1245 729 1354 louge
756 1259 796 1323 te
823 1262 863 1324 tc
891 1243 1096 1322 subduccre
1122 1257 1260 1344 coctu,

440 1387 517 1490 Qui
543 1387 615 1464 tibi
642 1400 730 1463 tuuc
755 1385 845 1490 jueti
872 1411 983 1462 cauea
1009 1383 1146 1462 dulurie
1173 1384 1303 1464 eraut!

338 1533 461 1610 Parce
489 1543 617 1605 tamen
642 1525 837 1634 lacrymis,
856 1525 990 1606 frustra
1007 1522 1163 1626 Venus,
1182 1544 1293 1637 atque
1317 1527 1457 1636 Cupido

441 1667 602 1750 Lutecia
628 1673 769 1750 circum
796 1667 974 1749 candidae
1000 1673 1038 1750 in
1066 1669 1194 1750 tunica

341 1810 465 1917 Saepe
492 1808 620 1887 volana
644 1807 713 1887 tali
740 1821 865 1915 eperat
890 1821 928 1885 te
954 1807 1108 1916 perdere
1134 1805 1287 1909 fraude,

440 1947 586 2048 Parce,
611 1949 784 2058 iuquam,
809 1978 878 2030 nec
904 1963 942 2027 te
966 1947 1041 2056 jam
1068 1947 1219 2058 amplius
1246 1947 1439 2026 excrucia.

337 2091 397 2168 En
425 2089 493 2168 tibi
519 2089 664 2170 siderea
690 2093 854 2172 cubitum
880 2091 1073 2174 demendit
1098 2091 1146 2170 ab
1173 2121 1259 2170 arce

441 2229 648 2332 Auxilium3
675 2245 774 2312 tutus
801 2233 855 2312 eic
881 2231 1001 2342 pudor
1027 2233 1142 2311 almus
1169 2231 1260 2310 erit.

339 2371 473 2478 Aspice
500 2369 710 2484 euppceitca
736 2368 888 2447 quuaee
915 2369 952 2446 iu
979 2369 1121 2476 pariete
1148 2369 1279 2446 matris

443 2509 603 2628 ΥιιΙωε,
629 2539 722 2618 quoe
749 2513 850 2620 puris
877 2511 957 2589 dius
985 2515 1100 2590 Amor
1126 2509 1294 2591 manibus

339 2654 449 2732 Nunc
477 2653 652 2762 eculpuit‚
677 2651 904 2760 primamque
931 2657 1029 2739 luem
1056 2655 1237 2766 detersit,
1262 2673 1303 2736 et
1330 2675 1426 2737 atrae

443 2797 624 2876 Incidiaut
650 2799 663 2876 i
689 2827 788 2878 nuuc
814 2799 861 2877 da
889 2800 1039 2903 uscule9
1066 2803 1230 2882 uiderem
1371 2803 1375 2812 ’

343 2931 511 3042 Virgiuie
537 2951 647 3043 utque
673 2934 773 3014 inhia
799 2937 947 3036 vultus,
973 2939 1139 3048 retiaque
1166 2941 1306 3020 tuendo

443 3071 613 3150 Mentem
641 3071 767 3147 animi.
796 3073 853 3152 Ut
877 3089 999 3156 cactus
1026 3079 1142 3184 spirat
1169 3079 1217 3157 ab
1242 3075 1363 3188 effigie

340 3217 394 3294 Et
421 3215 525 3324 lepor
550 3213 713 3293 aetheria
739 3231 850 3325 atquc
877 3215 993 3326 ignit!
1019 3249 1127 3326 quam
1154 3235 1256 3298 tutus
1283 3223 1321 3300 iu
1347 3221 1405 3299 itta

443 3358 617 3468 Suspirat
643 3357 908 3468 lacrymisora
935 3363 1182 3470 tepefacicnu!
1335 3405 1338 3412 ·

342 3499 466 3598 Quam
492 3497 625 3576 frueris
651 3495 749 3578 virt!
774 3499 949 3607 ignarus,
975 3499 1042 3578 tibi
1070 3501 1176 3609 quale
1203 3507 1364 3585 minetur

443 3634 674 3742 Supplicium
701 3634 840 3712 cultrix
868 3634 975 3712 Idalii
1001 3639 1184 3739 nemoris,

340 3777 520 3883 Quaeque
535 3775 693 3883 Paphon
710 3789 842 3873 tenet,
862 3775 1070 3884 indignata,
1090 3782 1189 3888 quud
1210 3787 1349 3864 aurerie
1367 3785 1453 3864 illam

445 3913 658 4020 Spernerc3
682 3911 829 4017 jamque
849 3915 998 3990 Aetnae
1024 3943 1113 3996 taxa
1138 3932 1269 4025 petent
1290 3923 1433 4002 Siculae

338 4059 511 4142 Advocat
537 4059 658 4134 cxceiu
684 4087 705 4136 e
734 4059 937 4138 vieccribuu
964 4061 1107 4141 telluris

439 4195 674 4300 Vulcanum,
699 4211 738 4276 et
762 4193 893 4274 fluvius
919 4197 955 4274 iu
984 4213 1050 4278 tua
1078 4199 1210 4282 damna
1238 4225 1385 4311 movet,
