<?xml version="1.0" encoding="UTF-8"?>
<!DOCTYPE html PUBLIC "-//W3C//DTD XHTML 1.0 Transitional//EN"
    "http://www.w3.org/TR/xhtml1/DTD/xhtml1-transitional.dtd">
<html xmlns="http://www.w3.org/1999/xhtml" xml:lang="en" lang="en">
 <head>
  <title>
</title>
<meta http-equiv="Content-Type" content="text/html;charset=utf-8" />
  <meta name='ocr-system' content='tesseract 3.04.00' />
  <meta name='ocr-capabilities' content='ocr_page ocr_carea ocr_par ocr_line ocrx_word'/>
</head>
<body>
  <div class='ocr_page' id='page_1' title='image "./devitaetscripti00zamagoog_0243.png"; bbox 0 0 3032 5034; ppageno 0'>
   <div class='ocr_carea' id='block_1_1' title="bbox 1083 366 1154 444">
    <p class='ocr_par' dir='ltr' id='par_1_1' title="bbox 1083 366 1154 444">
     <span class='ocr_line' id='line_1_1' title="bbox 1083 366 1154 444; baseline 0.056 -5"><span class='ocrx_word' id='word_1_1' title='bbox 1083 366 1154 444; x_wconf 74' lang='lat'><strong>233</strong></span> 
     </span>
    </p>
   </div>
   <div class='ocr_carea' id='block_1_2' title="bbox 64 507 1138 1589">
    <p class='ocr_par' dir='ltr' id='par_1_2' title="bbox 64 507 1138 1298">
     <span class='ocr_line' id='line_1_2' title="bbox 65 507 1107 616; baseline 0.008 -35"><span class='ocrx_word' id='word_1_2' title='bbox 65 507 163 584; x_wconf 87' lang='lat' dir='ltr'><strong>Noc</strong></span> <span class='ocrx_word' id='word_1_3' title='bbox 193 511 334 616; x_wconf 79' lang='lat' dir='ltr'><strong>Myniiu</strong></span> <span class='ocrx_word' id='word_1_4' title='bbox 362 511 457 589; x_wconf 87' lang='lat' dir='ltr'><strong>adeo</strong></span> <span class='ocrx_word' id='word_1_5' title='bbox 483 527 646 592; x_wconf 86' lang='lat' dir='ltr'><strong>metuam</strong></span> <span class='ocrx_word' id='word_1_6' title='bbox 674 515 927 611; x_wconf 75' lang='lat' dir='ltr'><strong>contendere,</strong></span> <span class='ocrx_word' id='word_1_7' title='bbox 953 541 1023 590; x_wconf 89' lang='lat' dir='ltr'><strong>nec</strong></span> <span class='ocrx_word' id='word_1_8' title='bbox 1049 541 1107 589; x_wconf 90' lang='lat' dir='ltr'><strong>rne</strong></span> 
     </span>
     <span class='ocr_line' id='line_1_3' title="bbox 183 646 986 730; baseline 0.002 -6"><span class='ocrx_word' id='word_1_9' title='bbox 183 646 369 726; x_wconf 77' lang='lat' dir='ltr'><strong>Cretaeus</strong></span> <span class='ocrx_word' id='word_1_10' title='bbox 396 650 512 727; x_wconf 88' lang='lat' dir='ltr'><strong>molto</strong></span> <span class='ocrx_word' id='word_1_11' title='bbox 540 651 665 728; x_wconf 85' lang='lat' dir='ltr'><strong>vincet</strong></span> <span class='ocrx_word' id='word_1_12' title='bbox 692 650 834 730; x_wconf 88' lang='lat' dir='ltr'><strong>bonore</strong></span> <span class='ocrx_word' id='word_1_13' title='bbox 862 648 986 730; x_wconf 85' lang='lat' dir='ltr'><strong>sober:</strong></span> 
     </span>
     <span class='ocr_line' id='line_1_4' title="bbox 65 783 1138 896; baseline 0.003 -39"><span class='ocrx_word' id='word_1_14' title='bbox 65 783 311 887; x_wconf 75' lang='lat' dir='ltr'><strong>Quamquam</strong></span> <span class='ocrx_word' id='word_1_15' title='bbox 338 785 390 862; x_wconf 84' lang='lat' dir='ltr'><strong>itti</strong></span> <span class='ocrx_word' id='word_1_16' title='bbox 416 787 581 866; x_wconf 74' lang='lat' dir='ltr'><strong>intactae</strong></span> <span class='ocrx_word' id='word_1_17' title='bbox 608 789 713 896; x_wconf 86' lang='lat' dir='ltr'><strong>primi</strong></span> <span class='ocrx_word' id='word_1_18' title='bbox 740 787 881 865; x_wconf 88' lang='lat' dir='ltr'><strong>rabiem</strong></span> <span class='ocrx_word' id='word_1_19' title='bbox 909 783 1138 894; x_wconf 75' lang='lat' dir='ltr'><strong>amphitritas</strong></span> 
     </span>
     <span class='ocr_line' id='line_1_5' title="bbox 177 922 929 1023; baseline 0 -23"><span class='ocrx_word' id='word_1_20' title='bbox 177 923 359 1000; x_wconf 84' lang='lat' dir='ltr'><strong>Paearint</strong></span> <span class='ocrx_word' id='word_1_21' title='bbox 384 925 544 1002; x_wconf 78' lang='lat' dir='ltr'><strong>nemoris</strong></span> <span class='ocrx_word' id='word_1_22' title='bbox 570 922 712 1004; x_wconf 87' lang='lat' dir='ltr'><strong>Peliaei</strong></span> <span class='ocrx_word' id='word_1_23' title='bbox 739 923 929 1023; x_wconf 81' lang='lat' dir='ltr'><strong>trabibor3</strong></span> 
     </span>
     <span class='ocr_line' id='line_1_6' title="bbox 64 1055 1089 1170; baseline 0.003 -38"><span class='ocrx_word' id='word_1_24' title='bbox 64 1055 143 1132; x_wconf 83' lang='lat' dir='ltr'><strong>Itte</strong></span> <span class='ocrx_word' id='word_1_25' title='bbox 172 1074 295 1136; x_wconf 87' lang='lat' dir='ltr'><strong>autem</strong></span> <span class='ocrx_word' id='word_1_26' title='bbox 322 1061 479 1170; x_wconf 79' lang='lat' dir='ltr'><strong>aligerae</strong></span> <span class='ocrx_word' id='word_1_27' title='bbox 506 1059 674 1140; x_wconf 75' lang='lat' dir='ltr'><strong>volucres</strong></span> <span class='ocrx_word' id='word_1_28' title='bbox 700 1059 939 1140; x_wconf 79' lang='lat' dir='ltr'><strong>imitatuead</strong></span> <span class='ocrx_word' id='word_1_29' title='bbox 966 1083 1089 1136; x_wconf 83' lang='lat' dir='ltr'><strong>arcem</strong></span> 
     </span>
     <span class='ocr_line' id='line_1_7' title="bbox 176 1196 987 1298; baseline 0.004 -25"><span class='ocrx_word' id='word_1_30' title='bbox 176 1196 381 1276; x_wconf 75' lang='lat' dir='ltr'><strong>Incolumis</strong></span> <span class='ocrx_word' id='word_1_31' title='bbox 409 1199 556 1276; x_wconf 84' lang='lat' dir='ltr'><strong>taudem</strong></span> <span class='ocrx_word' id='word_1_32' title='bbox 584 1200 730 1278; x_wconf 84' lang='lat' dir='ltr'><strong>venerit</strong></span> <span class='ocrx_word' id='word_1_33' title='bbox 754 1200 987 1298; x_wconf 76' lang='lat' dir='ltr'><strong>Euboicam,</strong></span> 
     </span>
    </p>

    <p class='ocr_par' dir='ltr' id='par_1_3' title="bbox 64 1337 1038 1589">
     <span class='ocr_line' id='line_1_8' title="bbox 64 1337 1038 1443; baseline 0.006 -29"><span class='ocrx_word' id='word_1_34' title='bbox 64 1337 304 1442; x_wconf 75' lang='lat' dir='ltr'><strong>Incolumis,</strong></span> <span class='ocrx_word' id='word_1_35' title='bbox 331 1371 406 1420; x_wconf 90' lang='lat' dir='ltr'><strong>non</strong></span> <span class='ocrx_word' id='word_1_36' title='bbox 434 1359 475 1420; x_wconf 88' lang='lat' dir='ltr'><strong>et</strong></span> <span class='ocrx_word' id='word_1_37' title='bbox 502 1341 609 1423; x_wconf 83' lang='lat' dir='ltr'>felix:</span> <span class='ocrx_word' id='word_1_38' title='bbox 636 1358 745 1442; x_wconf 76' lang='lat' dir='ltr'><strong>mur,</strong></span> <span class='ocrx_word' id='word_1_39' title='bbox 771 1343 904 1443; x_wconf 76' lang='lat' dir='ltr'><strong>leone,</strong></span> <span class='ocrx_word' id='word_1_40' title='bbox 930 1371 1038 1421; x_wconf 81' lang='lat' dir='ltr'><strong>earne</strong></span> 
     </span>
     <span class='ocr_line' id='line_1_9' title="bbox 177 1479 940 1589; baseline 0.003 -33"><span class='ocrx_word' id='word_1_41' title='bbox 177 1479 266 1556; x_wconf 86' lang='lat' dir='ltr'><strong>Heu</strong></span> <span class='ocrx_word' id='word_1_42' title='bbox 293 1481 428 1560; x_wconf 79' lang='lat' dir='ltr'><strong>misero</strong></span> <span class='ocrx_word' id='word_1_43' title='bbox 455 1481 548 1589; x_wconf 87' lang='lat' dir='ltr'><strong>patri</strong></span> <span class='ocrx_word' id='word_1_44' title='bbox 575 1481 710 1589; x_wconf 80' lang='lat' dir='ltr'><strong>gaudia</strong></span> <span class='ocrx_word' id='word_1_45' title='bbox 736 1480 940 1589; x_wconf 71' lang='lat' dir='ltr'><strong>subripuit!</strong></span> 
     </span>
    </p>
   </div>
   <div class='ocr_carea' id='block_1_3' title="bbox 68 1625 1054 1882">
    <p class='ocr_par' dir='ltr' id='par_1_4' title="bbox 68 1625 1054 1882">
     <span class='ocr_line' id='line_1_10' title="bbox 68 1625 1054 1736; baseline -0.002 -30"><span class='ocrx_word' id='word_1_46' title='bbox 68 1627 196 1734; x_wconf 75' lang='lat' dir='ltr'><strong>Cujus</strong></span> <span class='ocrx_word' id='word_1_47' title='bbox 223 1643 265 1705; x_wconf 91' lang='lat' dir='ltr'><strong>ut</strong></span> <span class='ocrx_word' id='word_1_48' title='bbox 293 1629 465 1708; x_wconf 81' lang='lat' dir='ltr'><strong>iuuantea</strong></span> <span class='ocrx_word' id='word_1_49' title='bbox 493 1627 634 1736; x_wconf 77' lang='lat' dir='ltr'><strong>plumat</strong></span> <span class='ocrx_word' id='word_1_50' title='bbox 661 1627 833 1735; x_wconf 75' lang='lat' dir='ltr'><strong>despexit</strong></span> <span class='ocrx_word' id='word_1_51' title='bbox 859 1627 897 1704; x_wconf 87' lang='lat' dir='ltr'><strong>in</strong></span> <span class='ocrx_word' id='word_1_52' title='bbox 925 1625 1054 1724; x_wconf 76' lang='lat' dir='ltr'><strong>undis,</strong></span> 
     </span>
     <span class='ocr_line' id='line_1_11' title="bbox 173 1770 1004 1882; baseline 0.002 -34"><span class='ocrx_word' id='word_1_53' title='bbox 173 1773 377 1848; x_wconf 83' lang='lat' dir='ltr'><strong>Aeternum</strong></span> <span class='ocrx_word' id='word_1_54' title='bbox 405 1772 551 1877; x_wconf 85' lang='lat' dir='ltr'><strong>optavit</strong></span> <span class='ocrx_word' id='word_1_55' title='bbox 576 1770 740 1878; x_wconf 86' lang='lat' dir='ltr'><strong>pendere</strong></span> <span class='ocrx_word' id='word_1_56' title='bbox 767 1771 1004 1882; x_wconf 74' lang='lat' dir='ltr'><strong>ropplicium‚</strong></span> 
     </span>
    </p>
   </div>
   <div class='ocr_carea' id='block_1_4' title="bbox 64 1911 1150 2295">
    <p class='ocr_par' dir='ltr' id='par_1_5' title="bbox 64 1911 1150 2295">
     <span class='ocr_line' id='line_1_12' title="bbox 65 1911 1150 2022; baseline 0.002 -32"><span class='ocrx_word' id='word_1_57' title='bbox 65 1913 233 2022; x_wconf 73' lang='lat' dir='ltr'><strong>Hospite</strong></span> <span class='ocrx_word' id='word_1_58' title='bbox 259 1911 360 2020; x_wconf 89' lang='lat' dir='ltr'><strong>qnod</strong></span> <span class='ocrx_word' id='word_1_59' title='bbox 387 1911 522 1991; x_wconf 91' lang='lat' dir='ltr'><strong>crebro</strong></span> <span class='ocrx_word' id='word_1_60' title='bbox 548 1911 699 1992; x_wconf 83' lang='lat' dir='ltr'><strong>dentem</strong></span> <span class='ocrx_word' id='word_1_61' title='bbox 727 1941 797 2020; x_wconf 88' lang='lat' dir='ltr'><strong>pro</strong></span> <span class='ocrx_word' id='word_1_62' title='bbox 824 1911 920 1994; x_wconf 85' lang='lat' dir='ltr'><strong>flavo</strong></span> <span class='ocrx_word' id='word_1_63' title='bbox 948 1916 1150 1995; x_wconf 80' lang='lat' dir='ltr'><strong>Ariadnam</strong></span> 
     </span>
     <span class='ocr_line' id='line_1_13' title="bbox 174 2044 938 2159; baseline -0.005 -31"><span class='ocrx_word' id='word_1_64' title='bbox 174 2052 331 2159; x_wconf 81' lang='lat' dir='ltr'><strong>Adjnvit</strong></span> <span class='ocrx_word' id='word_1_65' title='bbox 360 2065 494 2125; x_wconf 87' lang='lat' dir='ltr'><strong>contra</strong></span> <span class='ocrx_word' id='word_1_66' title='bbox 521 2044 726 2156; x_wconf 75' lang='lat' dir='ltr'><strong>Pasiphaes</strong></span> <span class='ocrx_word' id='word_1_67' title='bbox 751 2047 938 2126; x_wconf 75' lang='lat' dir='ltr'><strong>sobolem.</strong></span> 
     </span>
     <span class='ocr_line' id='line_1_14' title="bbox 64 2185 1022 2295; baseline 0 -31"><span class='ocrx_word' id='word_1_68' title='bbox 64 2187 103 2264; x_wconf 93' lang='grc' dir='ltr'>Ο</span> <span class='ocrx_word' id='word_1_69' title='bbox 133 2215 251 2293; x_wconf 86' lang='lat' dir='ltr'><strong>puer,</strong></span> <span class='ocrx_word' id='word_1_70' title='bbox 277 2219 300 2266; x_wconf 94' lang='lat' dir='ltr'><strong>o</strong></span> <span class='ocrx_word' id='word_1_71' title='bbox 326 2190 425 2294; x_wconf 84' lang='lat' dir='ltr'><strong>patri</strong></span> <span class='ocrx_word' id='word_1_72' title='bbox 453 2186 598 2286; x_wconf 75' lang='lat' dir='ltr'><strong>luctus,</strong></span> <span class='ocrx_word' id='word_1_73' title='bbox 625 2185 714 2294; x_wconf 88' lang='lat' dir='ltr'><strong>qnid</strong></span> <span class='ocrx_word' id='word_1_74' title='bbox 740 2191 791 2262; x_wconf 79' lang='lat' dir='ltr'><strong>mi</strong></span> <span class='ocrx_word' id='word_1_75' title='bbox 818 2203 883 2262; x_wconf 87' lang='lat' dir='ltr'><strong>tua</strong></span> <span class='ocrx_word' id='word_1_76' title='bbox 911 2215 1022 2295; x_wconf 75' lang='lat' dir='ltr'><strong>saepe</strong></span> 
     </span>
    </p>
   </div>
   <div class='ocr_carea' id='block_1_5' title="bbox 170 2327 1036 2420">
    <p class='ocr_par' dir='ltr' id='par_1_6' title="bbox 170 2327 1036 2420">
     <span class='ocr_line' id='line_1_15' title="bbox 170 2327 1036 2420; baseline -0.005 -8"><span class='ocrx_word' id='word_1_77' title='bbox 170 2335 269 2412; x_wconf 87' lang='lat' dir='ltr'><strong>Fata</strong></span> <span class='ocrx_word' id='word_1_78' title='bbox 295 2327 605 2420; x_wconf 65' lang='lat' dir='ltr'><strong>tetenderimus</strong></span> <span class='ocrx_word' id='word_1_79' title='bbox 632 2359 706 2408; x_wconf 86' lang='lat' dir='ltr'><strong>nou</strong></span> <span class='ocrx_word' id='word_1_80' title='bbox 732 2329 819 2412; x_wconf 86' lang='lat' dir='ltr'><strong>mibi</strong></span> <span class='ocrx_word' id='word_1_81' title='bbox 847 2327 1036 2418; x_wconf 80' lang='lat' dir='ltr'><strong>tabificum</strong></span> 
     </span>
    </p>
   </div>
   <div class='ocr_carea' id='block_1_6' title="bbox 64 2469 1056 2608">
    <p class='ocr_par' dir='ltr' id='par_1_7' title="bbox 64 2469 1056 2608">
     <span class='ocr_line' id='line_1_16' title="bbox 64 2469 1056 2608; baseline 0.003 -60"><span class='ocrx_word' id='word_1_82' title='bbox 64 2469 249 2548; x_wconf 74' lang='lat' dir='ltr'><strong>Ardentis</strong></span> <span class='ocrx_word' id='word_1_83' title='bbox 274 2470 383 2577; x_wconf 89' lang='lat' dir='ltr'><strong>jubar</strong></span> <span class='ocrx_word' id='word_1_84' title='bbox 410 2471 457 2548; x_wconf 89' lang='lat' dir='ltr'><strong>ad</strong></span> <span class='ocrx_word' id='word_1_85' title='bbox 485 2469 633 2550; x_wconf 84' lang='lat' dir='ltr'><strong>Phoebi</strong></span> <span class='ocrx_word' id='word_1_86' title='bbox 660 2471 884 2550; x_wconf 74' lang='lat' dir='ltr'><strong>contendere</strong></span> <span class='ocrx_word' id='word_1_87' title='bbox 914 2471 1014 2550; x_wconf 82' lang='lat' dir='ltr'><strong>reia:</strong></span> <span class='ocrx_word' id='word_1_88' title='bbox 1037 2573 1056 2608; x_wconf 51' lang='lat'><em>⁰</em></span> 
     </span>
    </p>
   </div>
   <div class='ocr_carea' id='block_1_7' title="bbox 170 2611 913 2721">
    <p class='ocr_par' dir='ltr' id='par_1_8' title="bbox 170 2611 913 2721">
     <span class='ocr_line' id='line_1_17' title="bbox 170 2611 913 2721; baseline -0.008 -27"><span class='ocrx_word' id='word_1_89' title='bbox 170 2617 299 2694; x_wconf 78' lang='lat' dir='ltr'><strong>Altior</strong></span> <span class='ocrx_word' id='word_1_90' title='bbox 324 2617 475 2697; x_wconf 87' lang='lat' dir='ltr'><strong>incedat</strong></span> <span class='ocrx_word' id='word_1_91' title='bbox 503 2611 691 2694; x_wconf 78' lang='lat' dir='ltr'><strong>dammone</strong></span> <span class='ocrx_word' id='word_1_92' title='bbox 719 2613 780 2690; x_wconf 85' lang='lat' dir='ltr'><strong>itte</strong></span> <span class='ocrx_word' id='word_1_93' title='bbox 807 2613 913 2721; x_wconf 85' lang='lat' dir='ltr'><strong>polo.</strong></span> 
     </span>
    </p>
   </div>
   <div class='ocr_carea' id='block_1_8' title="bbox 65 2759 1194 3284">
    <p class='ocr_par' dir='ltr' id='par_1_9' title="bbox 65 2759 1194 3284">
     <span class='ocr_line' id='line_1_18' title="bbox 65 2759 1194 2868; baseline 0.001 -32"><span class='ocrx_word' id='word_1_94' title='bbox 65 2759 130 2836; x_wconf 86' lang='lat' dir='ltr'><strong>Nil</strong></span> <span class='ocrx_word' id='word_1_95' title='bbox 155 2760 243 2838; x_wconf 88' lang='lat' dir='ltr'><strong>mihi</strong></span> <span class='ocrx_word' id='word_1_96' title='bbox 270 2791 353 2840; x_wconf 92' lang='lat' dir='ltr'><strong>cum</strong></span> <span class='ocrx_word' id='word_1_97' title='bbox 382 2761 569 2838; x_wconf 85' lang='lat' dir='ltr'><strong>volucrum</strong></span> <span class='ocrx_word' id='word_1_98' title='bbox 598 2765 748 2867; x_wconf 83' lang='lat' dir='ltr'><strong>peonio:</strong></span> <span class='ocrx_word' id='word_1_99' title='bbox 776 2793 871 2842; x_wconf 82' lang='lat' dir='ltr'><strong>nova</strong></span> <span class='ocrx_word' id='word_1_100' title='bbox 898 2761 1062 2844; x_wconf 81' lang='lat' dir='ltr'><strong>Palladia</strong></span> <span class='ocrx_word' id='word_1_101' title='bbox 1089 2763 1194 2868; x_wconf 81' lang='lat' dir='ltr'><strong>Argo</strong></span> 
     </span>
     <span class='ocr_line' id='line_1_19' title="bbox 101 2897 962 3008; baseline 0.009 -38"><span class='ocrx_word' id='word_1_102' title='bbox 101 2952 107 2970; x_wconf 91' lang='lat'><strong>.</strong></span> <span class='ocrx_word' id='word_1_103' title='bbox 167 2897 299 3008; x_wconf 83' lang='lat' dir='ltr'><strong>Surgit</strong></span> <span class='ocrx_word' id='word_1_104' title='bbox 322 2901 360 2976; x_wconf 90' lang='lat' dir='ltr'><strong>in</strong></span> <span class='ocrx_word' id='word_1_105' title='bbox 388 2899 497 2978; x_wconf 71' lang='lat' dir='ltr'><strong>aeriis</strong></span> <span class='ocrx_word' id='word_1_106' title='bbox 523 2917 604 2978; x_wconf 90' lang='lat' dir='ltr'><strong>arte</strong></span> <span class='ocrx_word' id='word_1_107' title='bbox 631 2900 797 3008; x_wconf 84' lang='lat' dir='ltr'><strong>regenda</strong></span> <span class='ocrx_word' id='word_1_108' title='bbox 822 2899 962 3008; x_wconf 82' lang='lat' dir='ltr'><strong>plagia3</strong></span> 
     </span>
     <span class='ocr_line' id='line_1_20' title="bbox 65 3035 986 3147; baseline 0.003 -34"><span class='ocrx_word' id='word_1_109' title='bbox 65 3035 208 3144; x_wconf 75' lang='lat' dir='ltr'><strong>Tiphys</strong></span> <span class='ocrx_word' id='word_1_110' title='bbox 234 3053 273 3116; x_wconf 89' lang='lat' dir='ltr'><strong>et</strong></span> <span class='ocrx_word' id='word_1_111' title='bbox 298 3037 395 3116; x_wconf 85' lang='lat' dir='ltr'><strong>alter</strong></span> <span class='ocrx_word' id='word_1_112' title='bbox 422 3067 494 3146; x_wconf 82' lang='lat' dir='ltr'><strong>ego</strong></span> <span class='ocrx_word' id='word_1_113' title='bbox 520 3035 689 3116; x_wconf 78' lang='lat' dir='ltr'><strong>florentis</strong></span> <span class='ocrx_word' id='word_1_114' title='bbox 717 3037 851 3116; x_wconf 87' lang='lat' dir='ltr'><strong>robora</strong></span> <span class='ocrx_word' id='word_1_115' title='bbox 878 3036 986 3147; x_wconf 75' lang='lat' dir='ltr'><strong>pubis</strong></span> 
     </span>
     <span class='ocr_line' id='line_1_21' title="bbox 165 3173 1002 3284; baseline 0 -32"><span class='ocrx_word' id='word_1_116' title='bbox 165 3173 316 3252; x_wconf 83' lang='lat' dir='ltr'><strong>Ducam</strong></span> <span class='ocrx_word' id='word_1_117' title='bbox 343 3175 488 3255; x_wconf 76' lang='lat' dir='ltr'><strong>lascivio</strong></span> <span class='ocrx_word' id='word_1_118' title='bbox 516 3173 671 3256; x_wconf 76' lang='lat' dir='ltr'><strong>carbaso</strong></span> <span class='ocrx_word' id='word_1_119' title='bbox 698 3176 790 3254; x_wconf 82' lang='lat' dir='ltr'><strong>daua</strong></span> <span class='ocrx_word' id='word_1_120' title='bbox 815 3175 1002 3284; x_wconf 80' lang='lat' dir='ltr'><strong>zephyria.</strong></span> 
     </span>
    </p>
   </div>
   <div class='ocr_carea' id='block_1_9' title="bbox 65 3315 1187 4271">
    <p class='ocr_par' dir='ltr' id='par_1_10' title="bbox 65 3315 1187 4271">
     <span class='ocr_line' id='line_1_22' title="bbox 65 3315 1048 3426; baseline 0 -32"><span class='ocrx_word' id='word_1_121' title='bbox 65 3315 165 3396; x_wconf 89' lang='lat' dir='ltr'><strong>Eeoe</strong></span> <span class='ocrx_word' id='word_1_122' title='bbox 192 3317 280 3394; x_wconf 89' lang='lat' dir='ltr'><strong>mihi</strong></span> <span class='ocrx_word' id='word_1_123' title='bbox 306 3319 448 3396; x_wconf 80' lang='lat' dir='ltr'><strong>Uranie</strong></span> <span class='ocrx_word' id='word_1_124' title='bbox 474 3321 586 3426; x_wconf 86' lang='lat' dir='ltr'><strong>puppi</strong></span> <span class='ocrx_word' id='word_1_125' title='bbox 614 3347 738 3396; x_wconf 78' lang='lat' dir='ltr'><strong>comeo</strong></span> <span class='ocrx_word' id='word_1_126' title='bbox 765 3317 931 3414; x_wconf 72' lang='lat' dir='ltr'><strong>adsidet,</strong></span> <span class='ocrx_word' id='word_1_127' title='bbox 959 3345 1048 3394; x_wconf 86' lang='lat' dir='ltr'><strong>ecee</strong></span> 
     </span>
     <span class='ocr_line' id='line_1_23' title="bbox 163 3451 978 3560; baseline 0 -30"><span class='ocrx_word' id='word_1_128' title='bbox 163 3451 225 3530; x_wconf 81' lang='lat' dir='ltr'><strong>Ad</strong></span> <span class='ocrx_word' id='word_1_129' title='bbox 251 3483 332 3530; x_wconf 90' lang='lat' dir='ltr'><strong>mea</strong></span> <span class='ocrx_word' id='word_1_130' title='bbox 359 3457 557 3560; x_wconf 80' lang='lat' dir='ltr'><strong>Hyanteae</strong></span> <span class='ocrx_word' id='word_1_131' title='bbox 584 3470 673 3530; x_wconf 84' lang='lat' dir='ltr'><strong>vota</strong></span> <span class='ocrx_word' id='word_1_132' title='bbox 702 3470 811 3532; x_wconf 82' lang='lat' dir='ltr'><strong>vocat</strong></span> <span class='ocrx_word' id='word_1_133' title='bbox 835 3455 978 3551; x_wconf 75' lang='lat' dir='ltr'><strong>socias,</strong></span> 
     </span>
     <span class='ocr_line' id='line_1_24' title="bbox 67 3587 1058 3695; baseline 0.001 -27"><span class='ocrx_word' id='word_1_134' title='bbox 67 3589 140 3668; x_wconf 88' lang='lat' dir='ltr'><strong>Cui</strong></span> <span class='ocrx_word' id='word_1_135' title='bbox 165 3587 315 3668; x_wconf 85' lang='lat' dir='ltr'><strong>sareant</strong></span> <span class='ocrx_word' id='word_1_136' title='bbox 341 3593 498 3688; x_wconf 71' lang='lat' dir='ltr'><strong>Musae,</strong></span> <span class='ocrx_word' id='word_1_137' title='bbox 525 3587 675 3666; x_wconf 81' lang='lat' dir='ltr'><strong>violenti</strong></span> <span class='ocrx_word' id='word_1_138' title='bbox 703 3589 915 3695; x_wconf 80' lang='lat' dir='ltr'><strong>Strymonia</strong></span> <span class='ocrx_word' id='word_1_139' title='bbox 944 3589 1058 3670; x_wconf 80' lang='lat' dir='ltr'><strong>nudae</strong></span> 
     </span>
     <span class='ocr_line' id='line_1_25' title="bbox 161 3733 1187 3848; baseline 0.005 -36"><span class='ocrx_word' id='word_1_140' title='bbox 161 3735 354 3835; x_wconf 84' lang='lat' dir='ltr'><strong>Fraeuat,</strong></span> <span class='ocrx_word' id='word_1_141' title='bbox 379 3751 419 3814; x_wconf 88' lang='lat' dir='ltr'><strong>et</strong></span> <span class='ocrx_word' id='word_1_142' title='bbox 447 3733 656 3812; x_wconf 80' lang='lat' dir='ltr'><strong>umbrorum</strong></span> <span class='ocrx_word' id='word_1_143' title='bbox 685 3762 775 3812; x_wconf 84' lang='lat' dir='ltr'><strong>voee</strong></span> <span class='ocrx_word' id='word_1_144' title='bbox 804 3749 930 3812; x_wconf 85' lang='lat' dir='ltr'><strong>movet</strong></span> <span class='ocrx_word' id='word_1_145' title='bbox 950 3736 1187 3848; x_wconf 62' lang='lat' dir='ltr'><strong>Rhodonem</strong></span> 
     </span>
     <span class='ocr_line' id='line_1_26' title="bbox 67 3878 1072 3986; baseline 0.002 -26"><span class='ocrx_word' id='word_1_146' title='bbox 67 3878 337 3986; x_wconf 83' lang='lat' dir='ltr'><strong>Thebanaeque</strong></span> <span class='ocrx_word' id='word_1_147' title='bbox 365 3881 468 3959; x_wconf 78' lang='lat' dir='ltr'><strong>novio</strong></span> <span class='ocrx_word' id='word_1_148' title='bbox 494 3879 698 3960; x_wconf 88' lang='lat' dir='ltr'><strong>circumdat</strong></span> <span class='ocrx_word' id='word_1_149' title='bbox 721 3880 916 3962; x_wconf 73' lang='lat' dir='ltr'><strong>moenibus</strong></span> <span class='ocrx_word' id='word_1_150' title='bbox 943 3913 1072 3986; x_wconf 80' lang='lat' dir='ltr'><strong>aroer,</strong></span> 
     </span>
     <span class='ocr_line' id='line_1_27' title="bbox 159 4021 892 4132; baseline 0 -30"><span class='ocrx_word' id='word_1_151' title='bbox 159 4023 213 4102; x_wconf 86' lang='lat' dir='ltr'><strong>Et</strong></span> <span class='ocrx_word' id='word_1_152' title='bbox 237 4021 356 4102; x_wconf 81' lang='lat' dir='ltr'><strong>fertur</strong></span> <span class='ocrx_word' id='word_1_153' title='bbox 382 4054 518 4132; x_wconf 81' lang='lat' dir='ltr'><strong>magno</strong></span> <span class='ocrx_word' id='word_1_154' title='bbox 545 4049 671 4129; x_wconf 74' lang='lat' dir='ltr'><strong>sospes</strong></span> <span class='ocrx_word' id='word_1_155' title='bbox 697 4025 733 4100; x_wconf 88' lang='lat' dir='ltr'><strong>iu</strong></span> <span class='ocrx_word' id='word_1_156' title='bbox 762 4025 892 4102; x_wconf 85' lang='lat' dir='ltr'><strong>Ionio.</strong></span> 
     </span>
     <span class='ocr_line' id='line_1_28' title="bbox 65 4163 1101 4271; baseline 0.002 -24"><span class='ocrx_word' id='word_1_157' title='bbox 65 4168 105 4247; x_wconf 89' lang='lat' dir='ltr'><strong>si</strong></span> <span class='ocrx_word' id='word_1_158' title='bbox 129 4167 242 4265; x_wconf 80' lang='lat' dir='ltr'><strong>veiit3</strong></span> <span class='ocrx_word' id='word_1_159' title='bbox 269 4181 308 4240; x_wconf 87' lang='lat' dir='ltr'><strong>et</strong></span> <span class='ocrx_word' id='word_1_160' title='bbox 332 4165 431 4242; x_wconf 75' lang='lat' dir='ltr'><strong>suavi</strong></span> <span class='ocrx_word' id='word_1_161' title='bbox 461 4167 557 4270; x_wconf 80' lang='lat' dir='ltr'><strong>potio</strong></span> <span class='ocrx_word' id='word_1_162' title='bbox 584 4163 642 4240; x_wconf 85' lang='lat' dir='ltr'><strong>iile</strong></span> <span class='ocrx_word' id='word_1_163' title='bbox 671 4168 890 4271; x_wconf 80' lang='lat' dir='ltr'><strong>extinguere</strong></span> <span class='ocrx_word' id='word_1_164' title='bbox 918 4185 1031 4249; x_wconf 86' lang='lat' dir='ltr'><strong>cantu</strong></span> <span class='ocrx_word' id='word_1_165' title='bbox 1096 4240 1101 4254; x_wconf 86' lang='grc'><em>,</em></span> 
     </span>
    </p>
   </div>
   <div class='ocr_carea' id='block_1_10' title="bbox 0 0 1520 5034">
    <p class='ocr_par' dir='ltr' id='par_1_11' title="bbox 0 0 1520 5034">
     <span class='ocr_line' id='line_1_29' title="bbox 0 0 1520 5034; baseline 0 0"><span class='ocrx_word' id='word_1_166' title='bbox 0 0 1520 5034; x_wconf 95' lang='lat' dir='ltr'><strong> </strong></span> 
     </span>
    </p>
   </div>
  </div>
 </body>
</html>
