3004 5044
353 379 404 473 da

116 542 120 552 ’
296 521 614 619 arietinam),
639 533 679 596 et
696 471 1105 640 Georgiumlliggiam
1131 509 1303 589 eumdem
1329 535 1429 586 moa·-

296 658 386 736 bum
413 653 610 734 describit:
636 683 751 762 quere
777 683 845 762 per
870 652 992 762 plurea
1011 678 1155 730 menaea
1181 647 1430 728 donimane·

207 806 212 816 '
296 825 338 881 re
365 826 475 907 aaepe
500 812 651 878 coaetua
676 797 859 896 lectione‚
888 813 931 876 et
957 799 1159 876 amicorum
1184 762 1425 878 e'onauetudi·

295 977 345 1030 ne
371 945 564 1056 emporia,
598 943 781 1050 animique
806 941 1078 1053 aegritudinem
1113 923 1298 1022 leniebat.
1334 945 1428 1020 Hue

197 1143 201 1151 -
284 1083 528 1182 'aecedebat‚
552 1081 675 1190 quod,
694 1111 784 1178 ,oum
810 1091 1004 1190 parentea‚
1030 1095 1070 1158 et
1094 1081 1233 1160 amiooa
1266 1107 1429 1158 nummu·

301 1250 390 1330 pere
416 1221 616 1328 diligeret,
650 1247 759 1330 aaepe
787 1247 914 1299 eorum
940 1219 1138 1318 interitna‚
1167 1247 1212 1297 ae
1239 1216 1428 1296 calamita·

300 1379 361 1440 tea
386 1389 520 1467 magne
545 1389 628 1441 eum
645 1359 839 1464 molestia,
864 1354 1045 1464 animique
1071 1355 1319 1434 commotione
1346 1382 1428 1433 aen·

298 1509 409 1585 tinet.
443 1503 588 1584 Nullina
624 1517 745 1584 umen
771 1501 912 1610 magia,
946 1531 1055 1610 quum
1091 1503 1261 1584 Helenae
1288 1506 1428 1584 Boeda·

301 1653 405 1750 riae,
442 1649 522 1759 ejua
546 1655 692 1762 neptia,
725 1668 766 1733 et
794 1649 1021 1730 Catharinae
1047 1651 1245 1760 Regninae
1280 1651 1425 1732 obitum

214 1839 219 1846 ·
298 1789 440 1870 doluit.
473 1789 684 1900 Utrumque
709 1787 822 1870 flebili
848 1791 1012 1870 carmine
1036 1803 1283 1898 conquestae,
1308 1821 1353 1870 ae
1379 1793 1426 1870 la·

296 1945 481 2009 mentetua
507 1942 583 2008 eat.
619 1931 727 2035 Quae
763 1932 802 2008 in
833 1929 964 2014 sunere
997 1925 1225 2012 Cutharinae
1257 1930 1425 2036 scripsit,

296 2066 499 2158 Rhaeuaae
524 2069 711 2178 extemplo
735 2071 883 2180 vulgata
907 2085 1021 2170 nunt,
1056 2083 1096 2146 et
1119 2065 1250 2145 Italion
1280 2063 1426 2173 elegan-

294 2222 356 2284 ter
382 2237 488 2287 veraa
523 2209 790 2288 aClariaaimu
822 2206 945 2308 Viro,
978 2207 1167 2313 nostrique
1202 2205 1424 2288 amieiaaimo

295 2342 439 2424 Ioanne
466 2347 638 2454 Baptista
662 2347 808 2424 Ruaani
834 2375 854 2422 e
883 2343 1031 2423 Scholia
1057 2345 1158 2444 Piia,
1183 2345 1246 2452 qui
1270 2359 1366 2422 tune
1390 2371 1425 2421 e·

293 2497 355 2562 rat
387 2487 487 2596 apud
520 2489 754 2571 Rhaonainua
780 2489 1018 2600 eloquentiae
1043 2491 1266 2595 Proferam,
1299 2511 1343 2574 et
1376 2499 1424 2575 ei·

292 2637 380 2740 ¹ulem
407 2641 621 2746 Zamagnae
648 2635 812 2744 apprime
839 2664 946 2714 earua
970 2641 1078 2738 (er).·
1113 2675 1119 2682 ·

349 2779 580 2862 XXXVII.
608 2781 690 2862 Sed
713 2788 1018 2904 tamentadageraa
1044 2813 1212 2894 quaeque
1236 2783 1425 2893 perferent

295 2921 490 3028 Zamagna
525 2948 599 2998 nou
626 2949 672 3000 ea
697 2925 808 3002 animi
833 2921 1074 3023 fortitudine,
1107 2951 1202 3032 quae
1238 2951 1286 3002 ex
1322 2951 1424 3032 prae·

298 3059 420 3165 oeptia
446 3056 709 3166 Philoaophiae
735 3059 926 3161 hauritur,
960 3059 1027 3137 aed
1051 3089 1098 3138 ex
1124 3089 1192 3161 ea,
1222 3089 1317 3168 qnae
1343 3076 1425 3140 tote

294 3233 318 3282 a
347 3203 491 3284 Christi
515 3203 695 3314 religione
721 3233 874 3286 mannua
900 3206 1057 3286 hominia
1083 3205 1311 3286 voluntatem
1339 3210 1426 3290 dat

293 3367 366 3418 nae
392 3341 565 3450 abjicit,
590 3342 749 3422 adventu
769 3342 968 3423 Gallorum
994 3341 1040 3422 de
1061 3345 1205 3424 eiaibua
1231 3347 1306 3424 auia
1324 3375 1426 3457 prae·

297 3481 397 3562 olere
424 3489 578 3566 meritua
603 3502 679 3568 eat.
709 3489 787 3568 Rei
812 3489 912 3566 enim
938 3489 1141 3567 litterariae
1162 3491 1207 3594 'in
1233 3491 1304 3572 bae
1331 3491 1422 3569 urbe

166 3713 172 3726 .
295 3625 510 3729 praeponite
528 3653 559 3703 a
584 3625 836 3728 Marmontio,
870 3641 911 3704 et
942 3613 1155 3706 Bertrando
1182 3629 1364 3736 eupremia
1389 3631 1424 3704 in

296 3759 450 3869 Illyrico
485 3765 720 3848 Gallinarum
749 3773 939 3880 copiarum
974 3768 1201 3878 praesentia,
1235 3803 1258 3848 u
1291 3773 1425 3880 quibua

295 3907 421 4014 magni
447 3905 583 4012 fiebat,
608 3914 646 3990 in
672 3914 736 3991 illo
762 3896 960 4024 repentino
986 3947 1109 3998 rerum
1135 3917 1284 3998 turbiue
1309 3921 1424 4016 mma,

294 4071 536 4158 meorumque
561 4051 788 4164 collegarum
813 4061 932 4161 uaria,
958 4077 998 4140 et
1021 4065 1220 4143 eonatibua
1246 4097 1317 4176 pro
1344 4073 1422 4152 viri·

295 4189 366 4278 boa
385 4195 646 4282 mammeam
670 4201 726 4284 ita
750 4201 920 4312 publioae
945 4205 1153 4289 alodiorum
1179 4239 1315 4296 eauaae
1345 4243 1424 4325 pro·
