3004 5044
1104 449 1144 496 ar

76 557 295 638 merioorum
328 561 537 666 poematum
563 569 815 668 praestantia,
853 571 1063 668 optimoque
1092 553 1205 630 inler-

78 702 248 812 pretnndi
274 733 413 812 genere
441 705 624 782 disserena
643 699 894 780 admirabilem
921 699 1042 798 illam,
1067 728 1138 807 qua
1164 701 1202 776 iu

81 879 192 958 opere
218 845 447 960 perlioiendo
474 880 559 927 naue
586 866 668 949 eat,
701 849 948 944 industriam,
983 875 1029 922 ao
1054 847 1203 954 diligen·

76 995 166 1070 tiam
192 993 462 1072 modestissime
489 997 682 1106 patefacit,
719 1015 758 1074 et
783 999 965 1076 declarat.
1001 997 1106 1075 Hirro
1139 999 1201 1076 mi·

86 1163 162 1212 rum
188 1149 374 1232 nonest,
409 1133 508 1241 quod
544 1137 603 1242 qui
631 1150 737 1242 poete
766 1149 950 1212 a'uatura
985 1132 1125 1234 faetor,
1159 1149 1200 1212 et

77 1289 151 1350 arte
179 1272 364 1381 expolitus
391 1275 438 1354 ab
473 1269 743 1372 adolescentia,
778 1271 1083 1380 quemadmodum
1119 1276 1198 1383 ipre

76 1426 255 1510 tentatur,
275 1411 506 1492 Graecarum
527 1445 649 1494 rernm
668 1415 829 1494 etodium
847 1441 929 1492 oum
939 1415 1087 1492 Latinio
1107 1439 1198 1491 uem·

77 1579 140 1656 per
167 1547 430 1653 conjunxerat,
456 1553 591 1660 quique
613 1555 818 1630 Homerum
845 1583 933 1660 prae
960 1553 1133 1661 reliquia,
1160 1541 1200 1630 et

75 1699 272 1807 Virgilium
300 1727 443 1804 semper
470 1714 677 1796 amaverat,
713 1699 773 1775 ille
799 1699 896 1774 idem
924 1701 1054 1806 optimi
1088 1701 1196 1776 inter'-

74 1845 216 1952 pretis,
243 1845 442 1953 optimique
468 1861 600 1952 poetae
625 1847 661 1922 iu
671 1845 841 1953 Odyssea
867 1849 1042 1926 vertenda
1068 1868 1194 1958 parter

74 2011 201 2060 omnes
228 1983 448 2091 expleverit.
475 1985 605 2092 Neque
632 1985 742 2060 aliter
768 1987 814 2062 de
840 1985 910 2062 hae
936 2015 977 2062 re
1004 2007 1197 2066 renuerunt

72 2119 137 2195 viri
156 2111 349 2197 clarissimi
360 2119 530 2216 Andrea,
554 2121 840 2219 Braboeuhiue,
864 2127 1082 2230 Raynaldua
1102 2131 1193 2204 Gur-

69 2265 119 2364 li,
145 2239 186 2342 et
213 2265 314 2341 Baro
339 2263 584 2370 Spergeaiur,
611 2293 767 2370 qnorum
793 2285 1002 2374 postremus
1028 2273 1193 2350 eamdem

72 2415 286 2517 Zamagnae
314 2413 364 2489 ob
391 2413 595 2493 versionem
621 2413 837 2524 Odysseae,
864 2453 972 2532 quam
988 2425 1192 2506 Cunichiua

71 2553 286 2632 oblliadem
313 2554 593 2660 interpretatam
613 2575 860 2683 consequtuuu
879 2561 1021 2674 luerat,
1041 2555 1191 2648 laudem
1290 2561 1295 2566 ’

68 2691 234 2770 tribuere
260 2717 334 2765 uon
363 2687 549 2769 dubitarit
576 2699 654 2800 (7).
789 2709 792 2718 '

118 2828 237 2908 XIV.
266 2830 318 2907 At
335 2828 402 2906 rub
418 2826 516 2907 idem
541 2813 618 2906 lere
634 2848 777 2938 tempus
794 2877 901 2939 cnm,
926 2857 1094 2925 extincta
1115 2855 1186 2932 So·

70 2969 231 3064 oietate,
265 2967 462 3076 collegium
497 2970 776 3076 Ptolemaeum,
812 2980 876 3060 nbi
913 2983 1076 3090 degebat
1100 2989 1190 3064 Ber·

68 3105 226 3206 nardus,
260 3137 282 3183 a
308 3133 443 3214 magno
471 3107 580 3186 Doce
605 3109 806 3192 Hetruriae
833 3119 1011 3198 Patribus
1039 3125 1189 3204 Schola·

69 3269 148 3321 rum
174 3247 323 3322 Piorum
350 3245 583 3346 traderetur,
608 3247 669 3327 ille
696 3281 735 3328 ae
754 3255 792 3330 iu
811 3255 989 3364 Alplronri
1008 3265 1188 3362 Marailii,

69 3400 232 3509 oollegae
252 3399 305 3477 aui
325 3397 582 3496 amantissimi,
600 3397 746 3476 domum
764 3415 924 3511 recepit3
944 3433 1057 3511 penen
1077 3404 1185 3513 qoem

69 3541 153 3618 dum
177 3535 269 3616 uilril
295 3537 444 3614 omniuo
470 3531 517 3610 de
543 3533 737 3644 religiosae
765 3539 863 3616 ritae
890 3543 1035 3620 ratione
1060 3547 1187 3624 immu-

70 3689 171 3775 uns,
199 3679 331 3784 quippe
352 3677 413 3785 qui
440 3689 524 3753 eret
550 3677 714 3756 Instituti
740 3679 796 3754 aui
823 3682 1186 3790 observantissimos,

71 3820 333 3923 Theocritum,
351 3819 569 3920 Moeoltum,
594 3823 814 3902 et'Bionem
844 3827 982 3906 Latine
1007 3831 1171 3940 interpre
1255 3863 1257 3878 s

69 3960 197 4040 tandoa
232 3960 467 4070 aggreditur,
502 3957 549 4036 ab
584 3957 829 4070 Imperatrioe
855 3967 976 4045 Maria
1001 3967 1182 4047 Thereaia

69 4093 234 4178 Graecae
259 4099 406 4178 litterae
431 4099 577 4208 publice
603 4099 762 4178 dooeudi
797 4131 905 4181 cauae
931 4099 1184 4182 Mediolanum

69 4249 237 4314 rooatnr.¹
267 4237 364 4316 Cum
387 4237 484 4314 enim
501 4235 774 4346 permunificam
800 4237 899 4317 illam
921 4239 1101 4322 boumn
1125 4265 1184 4322 ev·
