3032 5034
47 466 100 574 Χ

311 285 381 332 212

364 365 613 494 (lartesiove,
641 397 716 474 acri
746 399 821 474 sive
851 397 1062 494 Lcilmiti03

258 533 428 636 Quorum
458 533 517 609 ille
546 532 690 610 assidue
719 549 861 616 secreta
888 563 1024 612 arcana
1053 533 1253 610 revolvens

360 680 522 756 Naturae
551 678 765 782 immensum
796 693 989 789 promovet
1017 678 1242 782 imperium,

258 819 383 920 Aulus
412 815 482 890 alia
511 844 556 890 ex
585 813 664 890 aliie
692 830 814 920 partes
841 817 1027 920 ingressus
1053 815 1092 894 io
1121 842 1254 894 omnes

361 953 501 1029 Rerum
531 949 689 1032 obscura
716 982 781 1030 suo
809 949 960 1036 discutit
988 952 1161 1059 ingenio:

258 1090 441 1194 Ingenio,
469 1090 572 1194 cujus
599 1117 674 1170 nou
703 1091 776 1170 vim
803 1087 965 1196 effugere
994 1088 1066 1168 ulla
1094 1089 1195 1193 potic
1224 1115 1311 1186 res,
1406 1133 1409 1154 ·

362 1237 440 1310 Aut
468 1235 594 1330 coelo„
622 1249 687 1310 aut
713 1233 823 1314 terris
851 1232 980 1314 abdito
1008 1231 1189 1314 deliteat.

256 1371 339 1450 Nec
369 1399 455 1450 uero
485 1369 684 1450 Alcmenae
712 1369 927 1448 Midcatidic
954 1369 1146 1448 Heroioes

362 1516 431 1596 Ille
461 1515 546 1592 olim
574 1529 679 1594 natus
708 1527 767 1594 tot
795 1509 872 1592 sera
901 1514 1112 1620 perdomuit

261 1665 434 1742 Monstra
462 1673 674 1765 pererratoc
704 1673 805 1737 vasto
833 1655 975 1732 telluris
1003 1661 1040 1733 in
1069 1656 1181 1752 orbe,

360 1810 467 1914 Quot
495 1833 596 1882 meus
625 1803 721 1880 haud
750 1783 810 1883 ulli
838 1803 972 1882 cedere
1002 1821 1104 1883 sueta
1130 1809 1322 1888 homiuum

260 1951 448 2055 Rogerius
477 1963 650 2054 portenta
679 1976 845 2027 errorum
875 1961 1041 2024 sternere
1070 1951 1209 2054 quivit,

362 2095 530 2174 Dextrae
559 2122 632 2169 oon
664 2121 747 2172 usus
775 2091 910 2171 robore
938 2093 1170 2198 cla-vigerae,

260 2230 340 2310 Sed
366 2232 516 2312 rationis
545 2259 639 2334 ope,
666 2245 775 2342 atque
804 2231 899 2309 ocris
927 2229 988 2310 dit
1015 2233 1152 2338 ingenii
1183 2235 1244 2328 vi,

363 2372 414 2456 Et
440 2371 572 2477 passim
600 2367 751 2446 visenda
779 2367 948 2446 omnibus
977 2369 1166 2474 objicere3

259 2518 343 2598 Jam
372 2515 477 2622 pulso
504 2531 668 2592 terrore.
697 2513 735 2592 Ο
762 2543 855 2621 quae
883 2515 985 2619 prior
1012 2512 1147 2594 extulit
1176 2513 1341 2611 umbris,

341 2667 483 2768 ¹Quam
511 2690 609 2744 nova
635 2657 743 2736 sunt!
770 2688 879 2765 qoam
907 2675 1008 2756 sune,
1035 2660 1200 2764 Iupiter,
1220 2661 1392 2766 egregia!

259 2805 428 2908 Quarum
455 2829 527 2907 ego
554 2815 631 2879 tam
661 2799 760 2878 varia
788 2797 986 2878 distractus
1015 2798 1173 2903 imagine
1203 2827 1352 2896 rerum,

361 2937 500 3018 Omnia
526 2935 611 3017 dom
640 2936 748 3040 cupio
776 2934 925 3030 elicere⁹
951 2933 1003 3009 nil
1032 2933 1156 3016 valeo.

258 3075 330 3156 Illa
358 3074 457 3152 velut
482 3070 590 3154 bifori
617 3073 760 3180 Tempe
788 3099 853 3178 per
882 3074 1028 3153 roseida
1055 3073 1211 3170 Paesti,

365 3216 443 3301 Seu
470 3217 590 3298 Penei
617 3219 759 3322 Tempe
789 3232 943 3324 propter
972 3217 1111 3318 odora⁹
1141 3249 1237 3326 uago

257 3369 366 3470 Quae
394 3363 488 3471 pedo
516 3362 690 3444 discurrit
714 3358 844 3446 florum
873 3362 1034 3440 studiosa
1062 3362 1184 3468 puella

361 3501 525 3582 Aureolo
553 3515 690 3580 sertum
718 3531 827 3582 suave
857 3529 988 3607 paraus
1018 3501 1157 3606 capiti,

258 3637 452 3718 Pallidulis
479 3640 611 3720 violam
639 3639 725 3718 duro
753 3637 886 3720 calthis
915 3637 1203 3736 versicolorem,

361 3772 416 3854 Et
442 3773 578 3880 cypriis
606 3771 766 3880 praefert
791 3773 874 3853 alba
901 3775 1052 3885 ligustra
1081 3777 1199 3872 rosis,

259 3915 410 4000 Haeret
430 3911 561 4017 inops„
579 3937 738 4016 anceps3
759 3926 797 3989 et
814 3940 921 4014 quem
943 3913 1052 3994 modo
1068 3915 1275 4022 praeterit,
1297 3915 1393 3994 illum

360 4053 582 4162 Respiciens
612 4051 739 4134 florem
767 4054 899 4164 pollice
929 4073 1013 4136 aret
1040 4057 1190 4166 legere3
