3014 5038
363 395 437 501 ¹74

310 533 554 645 Aiiralr)por
570 535 745 645 liquidum
764 535 895 644 proottl
913 533 999 614 bino
1016 538 1125 642 'petet
1146 534 1293 610 aduena
1312 531 1440 608 tolles:

410 677 647 773 Onsmora,
674 671 837 751 &eolles
865 672 1039 779 Illyriae,
1067 702 1091 747 o
1117 671 1295 769 Libano,

306 819 552 928 Engaddique
577 818 674 928 jugis
702 845 795 925 quae
822 831 899 892 turn
926 815 1009 892 loon
1037 814 1223 923 praeierat
1248 816 1335 909 illa,

406 959 582 1038 Gaudete
607 958 743 1064 ipsius,
770 955 856 1034 dum
883 955 992 1064 lioot,
1019 953 1208 1060 bospiti03

306 1094 507 1192 Certatim,
523 1091 615 1172 haec
626 1093 768 1201 Virgo,
786 1093 846 1173 bio
861 1081 1006 1202 juranis
1025 1095 1160 1204 quibus
1179 1095 1317 1172 institit
1335 1093 1431 1188 ales,

404 1231 543 1314 Oscula
568 1235 725 1310 sacratis
750 1228 853 1340 figito
879 1229 1090 1330 liminibus,

302 1383 387 1460 tton
411 1393 520 1458 tanto
544 1377 708 1484 gaudere
736 1376 800 1452 diu
825 1406 910 1454 narn
938 1403 1114 1474 munere,
1141 1389 1249 1452 tanta

401 1517 488 1594 Nou
514 1513 619 1592 robis
645 1513 796 1621 longum
822 1510 934 1594 lauda
957 1510 1028 1591 srui
1055 1510 1228 1590 dabitur.

301 1667 386 1742 iarn
414 1659 515 1736 volat
538 1657 721 1742 Adriacos
746 1655 888 1769 fugiens
916 1687 1026 1768 super
1054 1657 1165 1736 ardua
1192 1653 1350 1754 lluctus,

403 1797 601 1902 Vectaqua
628 1795 820 1874 littoribus
845 1795 935 1876 sidit
961 1799 998 1876 in
1026 1797 1221 1896 Ausoniis,

297 1946 384 2046 Qua
409 1968 561 2016 nemora
587 1937 721 2017 adolivi
748 1941 937 2048 paullatim
965 1941 1091 2026 laurea
1119 1945 1210 2022 calle
1295 1937 1298 1942 Α

398 2077 571 2185 Surgunt
596 2077 759 2158 Picenis¹
775 2079 874 2157 edita
901 2080 1126 2179 verticibus,

296 2215 436 2297 Sedena
463 2216 560 2314 illic,
586 2215 796 2326 cultumque
824 2220 946 2302 volat:
981 2235 1044 2340 tu,
1076 2217 1257 2302 Dalmata
1283 2215 1417 2296 frustra

332 2347 333 2352 ἵ
397 2355 600 2434 Desertam
626 2371 667 2432 ut
690 2355 822 2436 redeat
848 2362 973 2435 rursus
1001 2358 1038 2434 in
1067 2357 1259 2465 illyriam,

294 2507 452 2588 Littoris
479 2507 632 2586 aduersa
658 2507 769 2613 patrii
794 2502 886 2582 flens
913 2505 1033 2582 tristis
1059 2507 1096 2584 in
1126 2534 1191 2590 ora

400 2651 566 2759 sparges
591 2651 719 2731 aeoliis
746 2667 835 2732 rota
861 2649 1013 2728 ferenda
1039 2657 1159 2730 notis.

293 2796 376 2878 lllic
403 2799 504 2875 Dira
533 2799 603 2876 sibi
629 2799 754 2878 sedem
782 2797 883 2908 leget
906 2797 1007 2902 ipsa,
1034 2801 1178 2904 potenti

393 2941 478 3018 Illic
506 2945 705 3022 Ausoniam
733 2946 881 3024 numine
910 2947 1011 3024 Diva
1038 2963 1165 3055 teget,

289 3081 528 3186 Excitaequa
554 3077 675 3158 serent
699 3079 786 3156 illuc
812 3109 878 3158 sua
904 3112 1056 3162 munera
1082 3103 1237 3193 gentes,

391 3221 495 3324 Quas
520 3233 561 3296 et
585 3215 732 3316 Arabs,
758 3245 848 3328 quas
876 3237 916 3298 et
944 3219 1059 3300 ditior
1085 3226 1264 3330 Assyria,

288 3359 469 3467 Indiaque
496 3354 656 3435 aurifero
681 3358 870 3436 submittit
897 3359 1024 3438 littore
1050 3389 1217 3459 merces,

391 3497 631 3578 Concharum
659 3512 698 3574 et
721 3498 872 3606 genitor
895 3499 1055 3606 parturit
1077 3499 1275 3578 Oceanus.

286 3641 366 3720 Sed
392 3641 482 3719 mihi
508 3670 602 3749 quae
629 3640 755 3718 subito
782 3639 843 3718 lux
872 3637 1038 3722 enrioat?
1063 3644 1190 3720 annuit
1217 3643 1313 3722 alma
1330 3653 1407 3746 (a),

387 3777 555 3876 Annuit,
583 3774 770 3854 ollactus
797 3778 953 3855 nuncius
982 3807 1069 3858 ecce
1099 3781 1219 3857 redit.

276 3995 800 4020 .....------—-

324 4073 371 4142 (ι)
394 4058 469 4125 vide
492 4053 694 4120 Tursellinum
716 4055 746 4117 in
768 4059 911 4120 Historia
933 4064 1054 4122 Domus
1076 4063 1297 4125 Lunretanoe.

326 4163 370 4230 (ι)
394 4151 487 4211 Dixit
509 4161 613 4208 autern
635 4148 767 4207 ittarta.-
803 4149 886 4212 Ecce
908 4151 1036 4213 Ancilla
1061 4153 1211 4212 Domini:
1238 4155 1307 4237 fiat
1337 4155 1405 4217 milri

281 4253 333 4302 eto
354 4245 426 4304 Luc.
447 4256 509 4323 cap.
537 4259 562 4298 r.
1468 4238 1470 4253 '
