3004 5044
318 333 369 426 lt

141 481 143 486 ’
268 479 370 560 nium
395 493 542 586 csptnm
568 478 813 560 accomodare
838 475 974 578 velletr
999 491 1059 576 ct,
1085 477 1116 554 si
1141 473 1243 553 sorte
1267 499 1402 550 sermo

214 601 218 616 ⁴
270 613 477 719 hujusmodi
494 615 757 706 intercideret,
782 643 860 693 rem
879 615 1045 724 grauiter
1063 615 1114 692 its
1133 611 1401 721 praecidebat,

258 769 316 888 'tut
349 753 451 832 illum
483 755 631 864 quidem
665 757 704 833 ic
740 753 834 853 illis,
867 752 915 832 de
949 751 1080 860 quibus
1111 752 1400 860 disputabatur,

271 901 578 999 versutissimum,
603 899 669 978 sed
694 898 748 978 sb.
769 899 897 978 iisdem
914 901 1063 981 cmninc
1082 899 1239 978 alienum
1259 921 1400 1002 cogno·

271 1044 404 1123 sisses.
430 1045 604 1124 Attamen
632 1041 663 1120 si
682 1044 754 1122 und
772 1059 894 1124 tecum
911 1043 1054 1142 solum,
1082 1042 1140 1120 vel
1158 1039 1292 1150 paucis
1309 1063 1398 1116 cum

271 1177 524 1260 amicisillum
549 1177 599 1260 sd
623 1179 877 1282 disserendum
904 1181 951 1260 de
977 1210 1018 1258 rc
1044 1180 1189 1288 eliqua,
1222 1206 1320 1286 quac
1347 1177 1398 1256 sd

272 1340 396 1423 srtes,
421 1322 479 1404 vel
502 1325 678 1404 scientius
700 1326 929 1434 pertineret,
955 1323 1147 1422 sollerter,
1182 1299 1247 1398 seu
1273 1322 1399 1429 potius

273 1463 401 1545 furtim
436 1460 665 1570 impulisses,
697 1479 789 1542 tunc
825 1463 929 1572 quasi
958 1491 981 1541 e
1007 1478 1119 1573 portu
1144 1460 1292 1540 solvens
1322 1461 1397 1569 ple

273 1610 457 1709 cissimis,
490 1625 535 1688 nt
559 1610 611 1686 its
637 1608 779 1710 dicam,
812 1607 904 1690 velis
928 1609 1030 1690 circe
1055 1610 1263 1718 propositae
1287 1641 1398 1720 quae·

275 1753 417 1832 sticucs
443 1749 569 1828 omnia
593 1747 646 1824 sic
672 1746 939 1856 percurrebat,
964 1763 1006 1826 nt
1021 1747 1110 1826 nibil
1126 1749 1251 1828 audire
1267 1777 1397 1858 posses

274 1896 353 2002 ejus
380 1894 553 1974 doctriua
577 1893 752 1998 solidius,
776 1895 868 1976 nibil
894 1893 972 2004 ejus
996 1894 1137 2004 judicic
1155 1897 1319 1994 scutica,
1345 1893 1398 1972 ni·

104 2060 108 2066 '
272 2040 326 2120 bil
352 2039 432 2148 ejus
456 2041 626 2121 oratione
651 2038 862 2124 lscuudius.
960 2096 1019 2110 ··

326 2175 437 2258 XLI.
464 2175 523 2258 Ut
557 2191 683 2257 sutem
716 2183 981 2297 srsentaticnis
1013 2181 1310 2282 inimicissimusl,
1344 2183 1398 2260 ita

273 2349 423 2432 quoquc
457 2351 657 2431 perparcus
690 2321 884 2404 lsudstcr.
920 2311 1020 2404 Cum
1056 2323 1153 2404 serre
1187 2323 1295 2433 plane
1319 2353 1399 2404 non

272 2475 426 2569 posset,
453 2483 553 2570 'quae
579 2459 719 2558 nimis,
754 2475 819 2538 ant
841 2459 1031 2540 incondite
1061 2464 1301 2563 dicerentur,
1337 2493 1399 2541 ec·

273 2633 356 2685 ram
381 2617 577 2706 auctores,
601 2604 759 2683 maxime
781 2604 817 2706 si
843 2609 1037 2709 adessent,
1063 2623 1103 2688 et
1126 2610 1283 2719 aliquem
1313 2633 1398 2686 cum

272 2749 330 2828 eis
354 2776 478 2850 usum,
503 2765 543 2828 ct
566 2747 850 2832 familiaritatem
877 2753 1055 2856 baberet,
1087 2755 1225 2834 Atticis
1260 2753 1399 2832 salibus

274 2901 434 2974 secure,
466 2887 734 2968 insectabatur.
772 2891 831 2971 Ita
865 2920 950 2972 cum
984 2891 1140 3002 quadam
1174 2891 1234 2969 die
1260 2891 1298 2986 in
1330 2890 1400 2970 fre·

274 3032 513 3142 quentisaimc
547 3043 661 3114 coetu
695 3034 830 3115 sciolus
864 3037 1014 3146 quidem
1037 3063 1174 3115 norum
1209 3033 1401 3117 scribendi

275 3199 418 3278 genus,
451 3172 552 3277 qncd
569 3175 835 3254 Rcmsnticum
860 3172 989 3272 audit,
1014 3173 1186 3282 qnodque
1213 3177 1397 3254 amoenio-

277 3309 379 3389 ribus
405 3310 545 3392 litteris
570 3315 794 3424 perniciem,
819 3316 1045 3426 exitiumque
1071 3316 1268 3394 allaturam
1294 3315 1401 3396 rebe·

275 3483 423 3544 menter
458 3461 697 3564 dolebamus,
721 3490 953 3572 summopere
978 3461 1175 3543 extolleret
1205 3493 1244 3546 :r
1284 3459 1400 3569 Atqui

270 3601 510 3704 Aristctiles,
537 3619 576 3682 et
588 3603 793 3704 Horatius,
818 3631 1019 3681 conversus
1043 3601 1090 3680 ad
1116 3599 1402 3679 circumstanter

277 3749 494 3851 inquiebat,
519 3767 638 3828 artem
665 3752 851 3856 poeticam
877 3745 1134 3844 tradiderunt,
1166 3773 1307 3853 nosque
1334 3771 1403 3852 per
1458 3708 1462 3725 ι

277 3903 370 3982 srtis
396 3915 597 4011 praecepta
624 3897 661 3976 in
688 3895 770 3973 rudi
796 3911 925 3974 natura
942 3890 1172 3996 informanda
1196 3905 1260 3967 tot
1285 3913 1402 3968 aanor

277 4039 347 4118 sub
382 4063 511 4115 revers
545 4033 738 4143 disciplina
775 4033 906 4111 frustra
936 4031 1204 4122 insudavimus.
1234 4031 1403 4125 Mirum,

130 4215 132 4220 ·
278 4177 408 4260 lrsctis
443 4171 649 4282 repagulis,
684 4175 861 4282 quantum
894 4171 969 4277 jam
996 4173 1193 4278 augebitur
1230 4199 1402 4252 numerus
