3004 5044
1099 367 1146 446 εὖ

66 495 211 578 facilior
231 497 558 582 eruditileetoree
591 503 691 582 inter
717 502 947 605 Heeindum,
972 518 1014 584 et
1038 504 1114 612 ejna
1141 505 1202 582 ln·

67 653 280 746 terpretem
315 638 629 745 comparationem
665 640 933 742 iuetitnerent3
977 669 1062 722 uem
1095 641 1200 740 illie,

73 811 168 890 quae
190 785 237 862 ad
266 801 417 893 poetam
443 783 689 891 epeotabeut,
714 785 833 872 mium
861 789 1011 898 egregie
1035 788 1197 874 functam

70 921 307 1028 putabimur,
341 953 423 1004 cum
452 957 550 1006 nora
575 929 736 1036 quotidie
764 957 812 1008 ex
837 944 915 1008 tam
945 928 1097 1037 louge,
1113 931 1198 1018 reei-

71 1059 219 1168 dnaque
255 1077 295 1140 et
318 1061 489 1172 legendi,
524 1080 565 1144 ct
587 1066 777 1148 scribendi
800 1069 1068 1148 exercitatione
1100 1069 1198 1176 adju·

72 1181 201 1288 menta
219 1205 397 1307 referret,
422 1211 686 1318 eamdemque,
711 1243 784 1320 qna
808 1211 846 1290 in
865 1211 1036 1320 Odyeeee
1054 1228 1194 1294 verten-

78 1351 127 1432 da
153 1353 409 1457 nene-luerat,
433 1385 582 1454 curem,
608 1335 648 1436 et
674 1359 903 1470 diligentium
927 1351 1164 1440 adhibuerit?

127 1507 270 1588 XVII.
297 1506 549 1586 Heriodianae
579 1503 835 1614 Theogoniae
868 1505 1197 1614 interpretationi,

76 1673 185 1751 qnam
213 1643 459 1752 pulcherrimo
485 1644 637 1724 heroico
663 1646 824 1724 carmine
849 1649 1075 1756 nuncuparit
1093 1649 1195 1726 Mee-

70 1784 201 1860 cen‘ati
238 1813 304 1861 eun
332 1779 797 1862 Archiduoi'Ferdiuaudo
826 1785 1046 1884 Auatriaco,
1080 1785 1196 1878 erudi·

64 1919 249 1996 ‚tierimam
277 1920 561 2030 praefationem,
586 1949 651 2001 eeu
676 1922 800 2030 potine
818 1922 1111 2002 dieeertatiouem
1137 1921 1197 2000 ad·

73 2053 165 2162 jecit
191 2060 408 2168 Zamagna,
433 2063 469 2140 in
496 2043 570 2169 que
595 2043 772 2168 epoeem,
798 2095 870 2172 qua
888 2062 1077 2143 Hesiodus
1092 2057 1197 2148 llore-

75 2191 168 2292 lrat,
194 2194 329 2272 diserte
362 2201 516 2298 statuit,
541 2198 705 2306 ejnedem
729 2199 838 2276 uitam
857 2200 1047 2308 eleganter
1064 2193 1197 2274 deseri·

74 2335 151 2438 tir,
179 2357 221 2417 ct
239 2341 499 2448 Theogoniam
526 2373 622 2422 noua
649 2341 830 2450 quadam,
855 2342 1118 2448 ingenioseque
1135 2337 1197 2447 hy-

6 2537 8 2580 ,
77 2481 247 2590 pothoni,
274 2513 384 2590 quam
412 2485 552 2568 Comen
579 2489 797 2598 Raynaldce
825 2487 929 2568 Curli
957 2485 1197 2564 uehementer

6 2589 7 2684 l
79 2622 327 2728 probaverat,
345 2623 603 2731 quadrifariam
619 2627 852 2736 diepeecene,
873 2627 920 2706 ad
938 2627 1088 2736 primam
1109 2623 1196 2734 phy·
1289 2601 1293 2611 ¹

79 2761 213 2864 ricem,
246 2763 460 2872 politicam,
495 2763 728 2873 religionum,
757 2778 798 2842 et
821 2763 1035 2848 bietoricam
1062 2763 1196 2842 Mundi

80 2908 377 2987 conutitutinncm
413 2906 642 2986 referendam
668 2933 752 2988 eree
774 2907 979 2989 luculenter
1013 2908 1191 2988 oeteuditr

67 3051 121 3131 *In
156 3053 290 3160 quibua
326 3081 414 3134 eane
449 3057 830 3141 rebueenunleaudie
865 3087 911 3138 ee
944 3058 1034 3138 linet
1068 3075 1193 3140 aetate

77 3209 239 3303 viveret,
263 3207 301 3283 in
329 3233 401 3312 qua
426 3204 582 3312 plurima
608 3203 655 3281 de
682 3205 867 3283 creatione
886 3203 1035 3304 mnndi,
1060 3205 1107 3284 de
1124 3205 1194 3316 pri-

75 3379 130 3430 ma
148 3350 337 3428 homiuum
357 3349 558 3446 societate,
584 3375 628 3424 ac
653 3347 854 3456 religione,
880 3346 1000 3455 deque
1021 3349 1106 3428 aliie
1131 3349 1195 3428 hu·

6 3553 10 3594 r
74 3495 226 3602 jusmodi
260 3492 309 3570 ob
334 3493 482 3572 nimiam
513 3489 701 3598 cogitandi
734 3493 918 3574 licentiam
951 3493 1195 3603 intemperan-

76 3637 207 3714 tiaeimc
235 3635 368 3742 ecripta
387 3632 556 3732 suerent,
582 3647 728 3710 tantum
748 3650 874 3712 tamen
894 3631 1192 3748 abluit,'ut·phi·

6 3797 8 3864 t
75 3773 346 3884 loaophautinm
381 3771 546 3869 comnia,
582 3801 626 3849 ac
659 3771 902 3852 deliramenta
938 3775 1077 3884 aliquid
1112 3801 1194 3853 erue

6 3959 8 4024 ,
76 3929 241 4019 putaret,
268 3928 375 4002 utne
395 3911 469 3988 lato
497 3909 645 4019 quidem
673 3939 794 4020 ungue
819 3911 858 3989 in
883 3915 1002 4010 notin,
1033 3939 1192 3989 accom-

6 4053 10 4176 l
76 4059 258 4137 meutariie
284 4057 360 4136 anie
385 4086 406 4133 a
431 4055 602 4137 Mneaioa
625 4056 868 4156 narratione,
882 4071 922 4135 et
946 4057 1099 4138 ueritate
1118 4054 1193 4133 Ca·

6 4185 7 4204 ¹
63 4197 215 4280 ··tlrolica·
235 4191 462 4276 diseederet.
